%% This BibTeX bibliography file was created using BibDesk.
%% http://bibdesk.sourceforge.net/


%% Created for Shafiq Joty at 2013-03-20 17:20:43 -0700 


%% Saved with string encoding Unicode (UTF-8) 


@InProceedings{Li-2014-acl,
author="Li, Sujian
and Wang, Liang
and Cao, Ziqiang
and Li, Wenjie",
title="Text-level Discourse Dependency Parsing",
booktitle="Proceedings of the 52nd Annual Meeting of the Association for Computational Linguistics (Volume 1: Long Papers)",
year="2014",
publisher="ACL",
pages="25--35",
location="Baltimore, Maryland",
url="http://aclweb.org/anthology/P14-1003"
}
@inproceedings{Tanay_WWW_17,
	Author = {Tanay Kumar Saha and Shafiq Joty and Naeemul Hassan and Mohammad Al Hasan},
	Booktitle = {Proceedings of the 26th international conference on World Wide Web (under review)},
	Pages = {x--x},
	Publisher = {ACM},
	Series = {WWW'17},
	Title = {{Dis-S2V: Discourse Informed Sen2Vec}},
	Year = {2017},
%	Address = {Banff, Canada},
}

@article{Shafiq16_cqa_tacl,
  title="{Joint Multitask Learning for Community Question Answering Using Task-Specific Embeddings}",
  author={Shafiq Joty and  M\`{a}rquez, Llu\'{i}s and Preslav Nakov},
 journal = {Transactions of the Association for Computational Linguistics},
  volume={xx:x},
  publisher={ACL},
  pages={xx-xx (under review)},
  year={2016}
}


@inproceedings{Eisner:1996:TNP:992628.992688,
 author = {Eisner, Jason},
 title = {Three New Probabilistic Models for Dependency Parsing: An Exploration},
 booktitle = {Proceedings of the 16th Conference on Computational Linguistics - Volume 1},
 series = {COLING '96},
 year = {1996},
 address = {Copenhagen, Denmark},
 pages = {340--345},
 numpages = {6},
 publisher = {ACL},
} 


@inproceedings{McDonald:2005:NDP:1220575.1220641,
 author = {McDonald, Ryan and Pereira, Fernando and Ribarov, Kiril and Haji\v{c}, Jan},
 title = {Non-projective Dependency Parsing Using Spanning Tree Algorithms},
 booktitle = {Proceedings of the Conference on Human Language Technology and Empirical Methods in Natural Language Processing},
 series = {HLT '05},
 year = {2005},
 location = {Vancouver, British Columbia, Canada},
 pages = {523--530},
 numpages = {8},
 url = {http://dx.doi.org/10.3115/1220575.1220641},
 doi = {10.3115/1220575.1220641},
 acmid = {1220641},
 publisher = {ACL},
 address = {Stroudsburg, PA, USA},
} 


@inproceedings{McDonald:2005:OLT:1219840.1219852,
 author = {McDonald, Ryan and Crammer, Koby and Pereira, Fernando},
 title = {Online Large-margin Training of Dependency Parsers},
 booktitle = {Proceedings of the 43rd Annual Meeting on Association for Computational Linguistics},
 series = {ACL '05},
 year = {2005},
 address = {Ann Arbor, Michigan},
 pages = {91--98},
 numpages = {8},
 url = {http://dx.doi.org/10.3115/1219840.1219852},
 doi = {10.3115/1219840.1219852},
 acmid = {1219852},
 publisher = {ACL},
} 


@inproceedings{Pitler:2009,
 author = {Pitler, Emily and Nenkova, Ani},
 title = {Using Syntax to Disambiguate Explicit Discourse Connectives in Text},
 booktitle = {Proceedings of the ACL-IJCNLP 2009 Conference Short Papers},
 series = {ACLShort '09},
 year = {2009},
 address = {Suntec, Singapore},
 pages = {13--16},
 publisher = {ACL},
} 

@ARTICLE{Dinarelli2011,
title = {Discriminative Reranking for Spoken Language Understanding },
author = {Dinarelli, Marco and Moschitti, Alessandro and Riccardi, Giuseppe},
year = {2011},
journal = {IEEE Transactions on Audio, Speech and Language Processing (TASLP)},
volume = {20},
issue = {2},
pages = {526--539},
publisher = {IEEE Computer Society}
}

@Book{DiscoMT2013,
  editor    = {Bonnie Webber  and  Andrei Popescu--Belis  and  Katja Markert  and  J\"{o}rg Tiedemann},
  title     = {Proceedings of the Workshop on Discourse in Machine Translation},
  month     = {August},
  year      = {2013},
  address   = {Sofia, Bulgaria},
  publisher = {ACL},
  url       = {http://www.aclweb.org/anthology/W13-33}
}

@article{AsiyaMTjournal:2010,
    author = {Jes\'{u}s Gim\'{e}nez and Llu\'{i}s M\`{a}rquez},
    title = "{Linguistic Measures for Automatic Machine Translation Evaluation}",
    journal = {Machine Translation},
    number = {3--4},
    volume = {24},
    year = {2010},
    pages = {77--86},
    publisher = {Springer Netherlands}
}


@InProceedings{WMT14,
  author    = {Mach\'{a}\v{c}ek, Matou\v{s}  and  Bojar, Ond\v{r}ej},
  title     = "{Results of the {WMT14} Metrics Shared Task}",
  booktitle = {Proceedings of the Ninth Workshop on Statistical Machine Translation},
  month     = {June},
  year      = {2014},
  address   = {Baltimore, USA},
  publisher = {ACL},
}

@article{Sutton12,
  author    = {Charles Sutton and Andrew McCallum}, 
  title     = "{An Introduction to Conditional Random Fields}",
  journal   = {Foundations and Trends in Machine Learning},
  volume    = {4},
  number    = {4},
  year      = {2012},
  pages     = {267--373},
  ee        = {http://dx.doi.org/10.1561/2200000013},
  bibsource = {DBLP, http://dblp.uni-trier.de}
}


@article{Hardmeier2012,
  title={Discourse in Statistical Machine Translation. A Survey and a Case Study},
  author={Hardmeier, Christian},
  journal={Discours. Revue de linguistique, psycholinguistique et informatique},
  number={8726},
  volume={11},
  year={2012},
  url={http://discours.revues.org/8726},
  publisher={Laboratoire LATTICE, UMR 8094 ENS/CNRS}
}


@article{Schapire00,
 author = {Schapire, Robert E. and Singer, Yoram},
 title = {BoosTexter: A Boosting-based System for Text Categorization},
 journal = {Machine Learning},
 issue_date = {May-June 2000},
 volume = {39},
 number = {2--3},
 month = may,
 year = {2000},
 issn = {0885--6125},
 pages = {135--168},
 publisher = {Kluwer Academic Publishers},
 address = {Hingham, MA, USA},
 } 


@InProceedings{Arguello06,
  author    = {Arguello, Jaime  and  Ros\'{e}, Carolyn},
  title     = {InfoMagnets: Making Sense of Corpus Data},
  booktitle = {Proceedings of the Human Language Technology Conference of the NAACL, Companion Volume: Demonstrations},
  month     = {June},
  year      = {2006},
  address   = {New York City, USA},
  publisher = {ACL},
  pages     = {253--256}
}


@INPROCEEDINGS{Dan98,
    author = {Dan Cristea and Nancy Ide and Laurent Romary},
    title = {Veins Theory: A Model of Global Discourse Cohesion and Coherence},
    booktitle = {Proceedings of the 36th Annual Meeting of the Association for Computational Linguistics and of the 17th International Conference on Computational Linguistics (COLING/ACL'98)},
    year = {1998},
    pages = {281--285}
}

@InProceedings{Shafiq_EMNLP2014,
  author    = {Joty, Shafiq  and  Moschitti, Alessandro},
  title     = {Discriminative Reranking of Discourse Parses Using Tree Kernels},
  booktitle = {Proceedings of the 2014 Conference on Empirical Methods in Natural Language Processing (EMNLP)},
  month     = {October},
  year      = {2014},
  address   = {Doha, Qatar},
  publisher = {ACL},
  pages     = {2049--2060},
  url       = {http://www.aclweb.org/anthology/D14-1219}
}


@INPROCEEDINGS{Arash09,
    author = {Arash Eshghi and Patrick G.T. Healey},
    title = {What is Conversation? Distinguishing Dialogue Contexts},
    booktitle = {THE ANNUAL MEETING OF THE COGNITIVE SCIENCE SOCIETY (CogSci 2009)},
    year = {2009},
    pages = {1240--1245}
}

@article{Shafiq_codra15,
  title="{CODRA: A Novel Discriminative Framework for Rhetorical Analysis}",
  author={Joty, Shafiq and Carenini, Giuseppe and Ng, Raymond T},
 journal = {Computational Linguistics},
  volume={41:3},
  publisher={MIT Press},
  pages={385-435},
  year={2015}
}

@article{Shafiq_discoMT16,
  title="{Discourse Structure in Machine Translation Evaluation}",
  author={Shafiq Joty and Francisco Guzman and Lluis Marquez and Preslav Nakov},
 journal = {Computational Linguistics},
  volume={xx:x},
  publisher={MIT Press},
  pages={xx-xx (under review)},
  year={2016}
}



@article{Shafiq_da_CL16,
  title="{Domain Adaptation Using Neural Network Joint Model}",
  author={Shafiq Joty and  Nadir Durrani and Hassan Sajjad and Ahmed Abdelali},
 journal = {Journal of Computer Speech and Language (accepted)},
%  volume={xx:x},
%  publisher={MIT Press},
%  pages={},
  year={2017}
}


@article{guzman_mteval_CSL16,
  title="{Machine Translation Evaluation with Neural Networks}",
  author={Francisco Guzman and Shafiq Joty and Lluis Marquez and Preslav Nakov},
 journal = {Journal of Computer Speech and Language (accepted)},
  year={2017},
%  volume={xx:x},
%  pages={xx-xx}
}



@ARTICLE{Mizuta06,
AUTHOR = "Yoko Mizuta and Anna Korhonen and Tony Mullen and Nigel Collier",
TITLE = "Zone analysis in biology articles as a basis for information extraction",
JOURNAL = "I. J. Medical Informatics",
PAGES = {468-487},
YEAR = {2006},
  }
  
 
@InProceedings{Maslennikov07,
  author    = {Maslennikov, Mstislav  and  Chua, Tat-Seng},
  title     = {A Multi-resolution Framework for Information Extraction from Free Text},
  booktitle = {Proceedings of the 45th Annual Meeting of the Association of Computational Linguistics},
  month     = {June},
  year      = {2007},
  address   = {Prague, Czech Republic},
  publisher = {ACL},
  pages     = {592--599},
  url       = {http://www.aclweb.org/anthology/P07-1075}
}
 
 @article{Teufel02,
 author = {Teufel, Simone and Moens, Marc},
 title = {Summarizing scientific articles: experiments with relevance and rhetorical status},
 journal = {Computational Linguistics},
 issue_date = {December 2002},
 volume = {28},
 number = {4},
 month = dec,
 year = {2002},
 issn = {0891-2017},
 pages = {409--445},
 numpages = {37},
 publisher = {MIT Press},
 address = {Cambridge, MA, USA},
} 
  
@inproceedings{Daume02,
 author = {Daum{\'e},III, Hal and Marcu, Daniel},
 title = {A noisy-channel model for document compression},
 booktitle = {Proceedings of the 40th Annual Meeting on Association for Computational Linguistics},
 series = {ACL '02},
 year = {2002},
 address = {Philadelphia, Pennsylvania},
 pages = {449--456},
 numpages = {8},
 url = {http://dx.doi.org/10.3115/1073083.1073159},
 doi = {10.3115/1073083.1073159},
 acmid = {1073159},
 publisher = {ACL},
} 

@inproceedings{Paul12,
 author = {Paul, Michael J.},
 title = {{Mixed Membership Markov Models for Unsupervised Conversation Modeling}},
 booktitle = {Proceedings of the 2012 Joint Conference on Empirical Methods in Natural Language Processing and Computational Natural Language Learning},
 series = {EMNLP-CoNLL '12},
 year = {2012},
 location = {Jeju Island, Korea},
 pages = {94--104},
 publisher = {ACL},
 address = {Stroudsburg, PA, USA},
} 

@inproceedings{Zhang12,
 author = {Zhang, Renxian and Gao, Dehong and Li, Wenjie},
 title = {{Towards Scalable Speech Act Recognition in Twitter: Tackling Insufficient Training Data}},
 booktitle = {Proceedings of the Workshop on Semantic Analysis in Social Media},
 year = {2012},
 address = {Avignon, France},
 pages = {18--27},
 numpages = {10},
 publisher = {ACL}
} 

@inproceedings{Vliet11,
  author    = {Vliet, Nynke  and  Redeker, Gisela},
  title     = "{Complex Sentences as Leaky Units in Discourse Parsing}",
  booktitle = {Proceedings of Constraints in Discourse},
  year      = 2011,
  month     = {September},
  address   = {Agay--Saint Raphael}
}

@inproceedings{Regneri:2008:ACL_Short,
 author = {Regneri, Michaela and Egg, Markus and Koller, Alexander},
 title = {Efficient Processing of Underspecified Discourse Representations},
 booktitle = {Proceedings of the 46th Annual Meeting of the Association for Computational Linguistics on Human Language Technologies: Short Papers},
 series = {HLT-Short '08},
 year = {2008},
 address = {Columbus, Ohio},
 pages = {245--248},
 publisher = {ACL},
} 

@incollection{Knight05,
year={2005},
isbn={978-3-540-24523-0},
booktitle={Computational Linguistics and Intelligent Text Processing},
volume={3406},
series={Lecture Notes in Computer Science},
title={An Overview of Probabilistic Tree Transducers for Natural Language Processing},
Publisher={Springer Berlin Heidelberg},
Author={Knight, Kevin and Graehl, Jonathan},
Pages={1--24},
}

@article{Althaus:2003,
 author = {Althaus, Ernst and Duchier, Denys and Koller, Alexander and Mehlhorn, Kurt and Niehren, Joachim and Thiel, Sven},
 title = {An Efficient Graph Algorithm for Dominance Constraints},
 journal = {Journal of Algorithms},
 issue_date = {August 2003},
 volume = {48},
 number = {1},
 month = aug,
 year = {2003},
 issn = {0196-6774},
 pages = {194--219},
 numpages = {26},
 publisher = {Academic Press, Inc.},
} 


@article{Egg:2001:CLL,
 author = {Egg, Markus and Koller, Alexander and Niehren, Joachim},
 title = {The Constraint Language for Lambda Structures},
 journal = {Journal of Logic, Language and Information},
 issue_date = {2001},
 volume = {10},
 number = {4},
 month = sep,
 year = {2001},
 issn = {0925-8531},
 pages = {457--485},
 publisher = {Kluwer Academic Publishers},
 address = {Hingham, MA, USA},
} 


@article{REYLE01011993,
author = {Reyle, Uwe}, 
title = {Dealing with Ambiguities by Underspecification: Construction, Representation and Deduction},
volume = {10}, 
number = {2}, 
pages = {123--179}, 
year = {1993}, 
journal = {Journal of Semantics} 
}

@InProceedings{Koller:2008:ACL_long,
author="Koller, Alexander
and Regneri, Michaela
and Thater, Stefan",
title="Regular Tree Grammars as a Formalism for Scope Underspecification",
booktitle="Proceedings of the 46th Annual Meeting of the Association for Computational Linguistics on Human Language Technologies",
year="2008",
publisher="ACL",
pages="218--226",
address="Columbus, Ohio",
}

@article{Biran11,
  author    = {Or Biran and
               Owen Rambow},
  title     = "{Identifying Justifications in Written Dialogs by Classifying
               Text as Argumentative}",
  journal   = {International Journal of Semantic Computing},
  volume    = {5},
  number    = {4},
  year      = {2011},
  pages     = {363--381}
}

@article{Aarti16_JMU,
  author    = {Aarti Sathyanarayana and Shafiq Joty and Luis Fernandez-Luque and Ferda Ofli and Jaideep Srivastava and Ahmed Elmagarmid and Shahrad Taheri and Teresa Arora},
  title     = "{Sleep Quality Prediction From Wearable Data Using Deep Learning}",
  journal   = {JMIR mHealth and uHealth (JMU)},
  year      = {2016},
  volume    = {4(4)},
  number    = {e125},
%  pages     = {}
}

@inproceedings{Aarti17_SDM,
	Title  = {{Impact of Physical Activity on Sleep:A Deep Learning Based Exploration}},
    Author = {Aarti Sathyanarayana and Shafiq Joty and Ferda Ofli and Jaideep Srivastava},
	Booktitle = {SIAM International Conference on Data Mining},
	Pages = {(submitted)},
	Series = {SDM '17},
	Year = {2017}
%	Address = {Jeju Island, Korea},
}


@conference{Schauer01,
	Author = {Holger Schauer and Udo Hahn},
	Booktitle = {Proceedings of the Conference on Recent Advances in Natural Language Processing},
	Pages = {228--234},
	Series = {RANLP '01},
	Title = {{Anaphoric Cues for Coherence Relations}},
	Year = {2001}}

@article{Maite06,
	Author = {Maite Taboada},
	Journal = {Journal of Pragmatics},
	Number = {4},
	Pages = {567--592},
	Title = {{Discourse Markers as Signals (or Not) of Rhetorical Relations}},
	Volume = {38},
	Year = {2006}}

@inbook{Carenini11book,
	Author = {G. Carenini and G. Murray and R. Ng},
	Booktitle = {Synthesis Lectures on Data Management},
	Publisher = {Morgan Claypool},
	Title = {{Methods for Mining and Summarizing Text Conversations}},
	Volume = {3},
	Year = {2011}}

@inproceedings{Shafiq12,
	Address = {Jeju Island, Korea},
	Author = {Joty, Shafiq and Carenini, Giuseppe and Ng, Raymond T.},
	Booktitle = {Proceedings of the 2012 Joint Conference on Empirical Methods in Natural Language Processing and Computational Natural Language Learning},
	Pages = {904--915},
	Publisher = {ACL},
	Series = {EMNLP-CoNLL '12},
	Title = {{A Novel Discriminative Framework for Sentence-Level Discourse Analysis}},
	Year = {2012},
}

@InProceedings{guzman-EtAl:ACL2014,
  author    = {Guzm\'{a}n, Francisco  and  Joty, Shafiq  and  M\`{a}rquez, Llu\'{i}s  and  Nakov, Preslav},
  title     = {Using Discourse Structure Improves Machine Translation Evaluation},
  booktitle = {Proceedings of the 52nd Annual Meeting of the Association for Computational Linguistics},
  month     = {June},
  year      = {2014},
  address   = {Baltimore, USA},
  publisher = {ACL},
  pages     = {687--698},
  url       = {http://www.aclweb.org/anthology/P14-1065}
}

@InProceedings{discoMT:WMT2014,
  author    = {Joty, Shafiq  and  Guzm\'{a}n, Francisco  and  M\`{a}rquez, Llu\'{i}s  and  Nakov, Preslav},
  title     = {Disco{TK}: Using Discourse Structure for Machine Translation Evaluation},
  booktitle = {Proceedings of the Ninth Workshop on Statistical Machine Translation},
  series    = {WMT '14},
  year      = {2014},
  address   = {Baltimore, USA},
  pages     = {402--408},
  url       = {http://www.aclweb.org/anthology/W/W14/W14-3352}
}

@InProceedings{guzman-EtAl:2014:EMNLP2014,
  author    = {Guzm\'{a}n, Francisco  and  Joty, Shafiq  and  M\`{a}rquez, Llu\'{i}s  and  Moschitti, Alessandro  and  Nakov, Preslav  and  Nicosia, Massimo},
  title     = {Learning to Differentiate Better from Worse Translations},
  booktitle = {Proceedings of the 2014 Conference on Empirical Methods in Natural Language Processing (EMNLP)},
  year      = {2014},
  address   = {Doha, Qatar},
  publisher = {ACL},
  pages     = {214--220},
  url       = {http://www.aclweb.org/anthology/D14-1027}
}

@inproceedings{Feng14_ACL,
	Address = {Baltimore, USA},
	Author = {Vanessa Feng and Graeme Hirst},
	Booktitle = {Proceedings of the 52nd Annual Meeting of the Association for Computational Linguistics},
	Pages = {511--521},
	Publisher = {ACL},
	Series = {ACL '14},
	Title = {{A Linear-Time Bottom-Up Discourse Parser with Constraints and Post-Editing}},
	Year = {2014},
}

@inproceedings{Yuan14_ACL,
	Address = {Baltimore, USA},
	Author = {Yuan Zhang and Tao Lei and Regina Barzilay and Tommi Jaakkola and Amir Globerson},
	Booktitle = {Proceedings of the 52nd Annual Meeting of the Association for Computational Linguistics},
	Pages = {197--207},
	Publisher = {ACL},
	Title = {{Steps to Excellence: Simple Inference with Refined Scoring of Dependency Trees}},
	Year = {2014},
}

@inproceedings{Wick11,
 author = {Michael Wick and Khashayar Rohanimanesh and Kedare Bellare and Aron Culotta and Andrew McCallum},
 title = {SampleRank: Training Factor Graphs with Atomic Gradients},
 booktitle = {Proceedings of the 28th International Conference on Machine Learning},
 series = {ICML'11},
 Pages = {777--784},
 year = {2011},
 location = {Bellevue, WA, USA}
} 



@inproceedings{Huang05,
 author = {Huang, Liang and Chiang, David},
 title = {Better K-best Parsing},
 booktitle = {Proceedings of the Ninth International Workshop on Parsing Technology},
 series = {Parsing '05},
 year = {2005},
 location = {Vancouver, British Columbia, Canada},
 pages = {53--64},
 numpages = {12},
 url = {http://dl.acm.org/citation.cfm?id=1654494.1654500},
 acmid = {1654500},
 publisher = {ACL},
 address = {Stroudsburg, PA, USA},
} 

@inproceedings{Louis10,
	Address = {Tokyo, Japan},
	Author = {Annie Louis and Aravind Joshi and Ani Nenkova},
	Booktitle = {Proceedings of the 11th Annual Meeting of the Special Interest Group on Discourse and Dialogue},
	Pages = {147--156},
	Publisher = {ACL},
	Series = {SIGDIAL '10},
	Title = {{Discourse Indicators for Content Selection in Summarization}},
	Year = {2010},
}

@InProceedings{Shafiq16NAACL,
  author    = {Shafiq Joty, Lluís Màrquez and Preslav Nakov},
  title     = {{Joint Learning with Global Inference for Comment Classification in Community Question Answering}},
  booktitle = {In Proceedings of the North American Chapter of the Association for Computational Linguistics: Human Language Technologies},
  Series    = {NAACL-HLT'16},
  month     = {June},
  year      = {2016},
  address   = {San Diego, California},
  publisher = {ACL},
  pages     = {xx--xx}
}	

@InProceedings{Christensen13,
  author    = {Christensen, Janara  and  Mausam  and  Soderland, Stephen  and  Etzioni, Oren},
  title     = {{Towards Coherent Multi-Document Summarization}},
  booktitle = {Proceedings of the 2013 Conference of the North American Chapter of the Association for Computational Linguistics: Human Language Technologies},
  Series    = {NAACL-HLT'13},
  month     = {June},
  year      = {2013},
  address   = {Atlanta, Georgia},
  publisher = {ACL},
  pages     = {1163--1173}
}	



@InProceedings{Christensen14,
  author    = {Janara Christensen and Stephen Soderland and Gagan Bansal and Mausam},
  title     = {{Hierarchical Summarization: Scaling Up Multi-Document Summarization}},
  booktitle = {Proceedings of the 52nd Annual Meeting of the Association for Computational Linguistics},
  Series    = {ACL'13},
  month     = {June},
  year      = {2014},
  address   = {Baltimore, USA},
  publisher = {ACL},
  pages     = {902--912}
}	

@article{Taboada06,
  author = {Taboada, Maite and Mann, William C.},
  journal = {Discourse Studies},
  number = 3,
  pages = {423--459},
  title = {{Rhetorical Structure Theory: looking back and moving ahead}},
  volume = 8,
  year = 2006
}

@inproceedings{Shafiq16ACL,
	Author = {Shafiq Joty and Enamul Hoque},
	Booktitle = {Proceedings of the 54th Annual Meeting of the Association for Computational Linguistics},
	Numpages = {9},
    pages = {1746--1756},
	Title = {{Speech Act Modeling of Written Asynchronous Conversations with Task-Specific Embeddings and Conditional Structured Models}},
	Series = {ACL '16},
	Publisher = {ACL},
	Year = {2016}
}	

@inproceedings{Shafiq13,
	Address = {Sofia, Bulgaria},
	Author = {Joty, Shafiq and Carenini, Giuseppe and Ng, Raymond T. and Mehdad, Yashar},
	Booktitle = {Proceedings of the 51st Annual Meeting of the Association for Computational Linguistics},
	Numpages = {9},
	Publisher = {ACL},
	Series = {ACL '13},
  pages = {486--496},
	Title = {{Combining Intra- and Multi-sentential Rhetorical Parsing for Document-level Discourse Analysis}},
	Year = {2013}
}	

@article{Taboada11,
 author = {Taboada, Maite and Brooke, Julian and Tofiloski, Milan and Voll, Kimberly and Stede, Manfred},
 title = {Lexicon-based methods for sentiment analysis},
 journal = {Computational Linguistics},
 issue_date = {June 2011},
 volume = {37},
 number = {2},
 month = jun,
 year = {2011},
 issn = {0891-2017},
 pages = {267--307},
 numpages = {41},
 publisher = {MIT Press},
 address = {Cambridge, MA, USA},
} 

@article{Gruenstein08,
    author = {Alexander Gruenstein and John Niekrasz and Matthew Purver},
	journal = {In Recent Trends in Discourse and Dialogue},
    title = {MEETING STRUCTURE ANNOTATION -- Annotations Collected with a General Purpose Toolkit},
	volume = {39},
    year = {2008},
	pages = {247--274},
    publisher = {Springer}
}

@inproceedings{Lin08,
 author = {Lin, Wei-Hao and Xing, Eric and Hauptmann, Alexander},
 title = {A Joint Topic and Perspective Model for Ideological Discourse},
 booktitle = {Proceedings of the European conference on Machine Learning and Knowledge Discovery in Databases - Part II},
 series = {ECML PKDD '08},
 year = {2008},
 isbn = {978-3-540-87480-5},
 address = {Antwerp, Belgium},
 pages = {17--32},
 numpages = {16},
 publisher = {Springer-Verlag},
} 

@inproceedings{Angeliki13,
	Address = {Sofia, Bulgaria},
	Author = {Angeliki Lazaridou and Ivan Titov and Caroline Sporleder},
	Booktitle = {Proceedings of the 51st Annual Meeting of the Association for Computational Linguistics},
	Publisher = {ACL},
	Series = {ACL '13},
	Title = {{A Bayesian Model for Joint Unsupervised Induction of Sentiment, Aspect and Discourse Representations}},
	Year = {2013}
}	
	
@inproceedings{Varga13,
	Address = {Sofia, Bulgaria},
	Author = {Istvan Varga and Motoki Sano and Kentaro Torisawa and Chikara Hashimoto and Kiyonori Ohtake and Takao Kawai and Jong-Hoon Oh and Stijn De Saeger},
	Booktitle = {Proceedings of the 51st Annual Meeting of the Association for Computational Linguistics},
	Numpages = {9},
	Publisher = {ACL},
	Series = {ACL '13},
	Title = {{Aid is Out There: Looking for Help from Tweets during a Large Scale Disaster}},
	Year = {2013},
	}	

	
	@inproceedings{Feng12,
	Address = {Jeju Island, Korea},
	Author = {Vanessa Feng and Graeme Hirst},
	Booktitle = {Proceedings of the 50th Annual Meeting of the Association for Computational Linguistics},
	Pages = {60--68},
	Publisher = {ACL},
	Series = {ACL '12},
	Title = {{Text-level Discourse Parsing with Rich Linguistic Features}},
	Year = {2012},
}

@inproceedings{Stede04,
	Address = {Barcelona},
	Author = {Manfred Stede},
	Booktitle = {Proceedings of the ACL-04 Workshop on Discourse Annotation},
	Publisher = {ACL},
	Title = {{The Potsdam Commentary Corpus}},
	Year = {2004}}

@inproceedings{Tofiloski09,
 author = {Tofiloski, Milan and Brooke, Julian and Taboada, Maite},
 title = {A syntactic and lexical-based discourse segmenter},
 booktitle = {Proceedings of the ACL-IJCNLP 2009 Conference Short Papers},
 series = {ACLShort '09},
 year = {2009},
 location = {Suntec, Singapore},
 pages = {77--80},
 numpages = {4},
 url = {http://dl.acm.org/citation.cfm?id=1667583.1667609},
 acmid = {1667609},
 publisher = {ACL},
 address = {Stroudsburg, PA, USA},
} 	
	
	
@inproceedings{LeThanh04,
	Acmid = {1220403},
	Address = {Geneva, Switzerland},
	Articleno = {329},
	Author = {LeThanh, H. and Abeysinghe, G. and Huyck, C.},
	Booktitle = {Proceedings of the 20th international conference on Computational Linguistics},
	Doi = {10.3115/1220355.1220403},
	Publisher = {ACL},
	Series = {COLING '04},
	Title = {{Generating Discourse Structures for Written Texts}},
	Url = {http://dx.doi.org/10.3115/1220355.1220403},
	Year = {2004},
	Bdsk-Url-1 = {http://dx.doi.org/10.3115/1220355.1220403}}

@inproceedings{KimSemEval10,
	Address = {Uppsala, Sweden},
	Author = {Kim, Su Nam and Medelyan, Olena and Kan, Min-Yen and Baldwin, Timothy},
	Booktitle = {Proceedings of the 5th International Workshop on Semantic Evaluation},
	Month = {July},
	Pages = {21--26},
	Publisher = {ACL},
	Title = {{SemEval-2010 Task 5 : Automatic Keyphrase Extraction from Scientific Articles}},
	Year = {2010},
}

@article{Soon01,
	Address = {Cambridge, MA, USA},
	Author = {Soon, Wee Meng and Ng, Hwee Tou and Lim, Daniel Chung Yong},
	Issn = {0891-2017},
	Issue_Date = {December 2001},
	Journal = {Computational Linguistics},
	Month = dec,
	Number = {4},
	Pages = {521--544},
	Publisher = {MIT Press},
	Title = {{A Machine Learning Approach to Coreference Resolution of Noun Phrases}},
	Volume = {27},
	Year = {2001}}

@article{Hardmeier12journal,
	Author = {Hardmeier, Christian},
	Journal = {Discours},
	Title = {Discourse in statistical machine translation: A survey and a case study},
	Year = {2012}
}

@inproceedings{Wen12,
 author = {Wen, Miaomiao and Rose, Carolyn Penstein},
 title = {Understanding participant behavior trajectories in online health support groups using automatic extraction methods},
 booktitle = {Proceedings of the 17th ACM international conference on Supporting group work},
 series = {GROUP '12},
 year = {2012},
 address = {Sanibel Island, Florida, USA},
 pages = {179--188},
 publisher = {ACM}
 } 


@inproceedings{Arguello06CHI,
 author = {Arguello, Jaime and Butler, Brian S. and Joyce, Elisabeth and Kraut, Robert and Ling, Kimberly S. and Ros{\'e}, Carolyn and Wang, Xiaoqing},
 title = {Talk to me: foundations for successful individual-group interactions in online communities},
 booktitle = {Proceedings of the SIGCHI Conference on Human Factors in Computing Systems},
 series = {CHI '06},
 year = {2006},
 address = {Montr\&\#233;al, Qu\&\#233;bec, Canada},
 pages = {959--968},
 publisher = {ACM}
} 

@article{Mu12,
	Author = {Mu, J and Stegmann, K and Mayfiled, E and Ros{\'e}, C and Fischer, F},
	Journal = {International Journal Of Computer-supported Collaborative Learning},
	Title = {The ACODEA Framework: Developing Segmentation and Classification Schemes for Fully Automatic Analysis of Online Discussions},
	Number = {2},
	Volume = {7},
	Pages = {285--305},
	Year = {2012}
}

@article{Rose08,
    author = {Carolyn Ros{\'e} and Yi-chia Wang and Jaime Arguello and Karsten Stegmann and Armin Weinberger and Frank Fischer},
    title = {Analyzing Collaborative Learning Processes Automatically: Exploiting the Advances of Computational Linguistics in Computer-Supported Collaborative Learning},
	Journal = {International Journal Of Computer-supported Collaborative Learning},
	Number = {3},
	Volume = {3},
	Pages = {237--271},
    year = {2008}
}

@inproceedings{Hardmeier12,
 author = {Hardmeier, Christian and Nivre, Joakim and Tiedemann, J\"{o}rg},
 title = {Document-wide decoding for phrase-based statistical machine translation},
 booktitle = {Proceedings of the 2012 Joint Conference on Empirical Methods in Natural Language Processing and Computational Natural Language Learning},
 series = {EMNLP-CoNLL '12},
 year = {2012},
 address = {Jeju Island, Korea},
 pages = {1179--1190},
 publisher = {ACL},
} 


@InProceedings{wang-ling:2016:N16-1,
  author    = {Wang, Lu  and  Ling, Wang},
  title     = {Neural Network-Based Abstract Generation for Opinions and Arguments},
  booktitle = {Proceedings of the 2016 Conference of the North American Chapter of the Association for Computational Linguistics: Human Language Technologies},
  month     = {June},
  year      = {2016},
  address   = {San Diego, California},
  publisher = {Association for Computational Linguistics},
  pages     = {47--57},
  url       = {http://www.aclweb.org/anthology/N16-1007}
}


@inproceedings{bahdanau:ICLR:2015,
author = {Dzmitry Bahdanau and Kyunghyun Cho and Yoshua Bengio},
title = {Neural Machine Translation by Jointly Learning to Align and Translate},
booktitle = {ICLR},
url = {http://arxiv.org/pdf/1409.0473v6.pdf},
year = 2015
}

    
	
@InProceedings{Durrett13,
  author    = {Durrett, Greg  and  Hall, David  and  Klein, Dan},
  title     = {Decentralized Entity-Level Modeling for Coreference Resolution},
  booktitle = {Proceedings of the 51st Annual Meeting of the Association for Computational Linguistics (Volume 1: Long Papers)},
  month     = {August},
  year      = {2013},
  address   = {Sofia, Bulgaria},
  publisher = {ACL},
  pages     = {114--124},
}

@inproceedings{Medelyan09,
	Address = {Singapore},
	Author = {Medelyan, Olena and Frank, Eibe and Witten, Ian H.},
	Booktitle = {Proceedings of the 2009 Conference on Empirical Methods in Natural Language Processing},
	Pages = {1318--1327},
	Publisher = {ACL},
	Series = {EMNLP'09},
	Title = {{Human-Competitive Tagging using Automatic Keyphrase Extraction}},
	Year = {2009}}

@inproceedings{Papineni02,
	Address = {Philadelphia, Pennsylvania},
	Author = {Papineni, K. and Roukos, S. and Ward, T. and Zhu, W-J.},
	Booktitle = {Proceedings of the 40th Annual Meeting on Association for Computational Linguistics},
	Pages = {311--318},
	Publisher = {ACL},
	Series = {ACL'02},
	Title = {{BLEU: A Method for Automatic Evaluation of Machine Translation}},
	Year = {2002}}

@book{Salton86,
	Address = {New York, NY, USA},
	Author = {Salton, Gerard and McGill, Michael J.},
	Isbn = {0070544840},
	Publisher = {McGraw-Hill, Inc.},
	Title = {Introduction to Modern Information Retrieval},
	Year = {1986}}

@article{Turney00,
	Address = {Hingham, MA, USA},
	Author = {Turney, P. D.},
	Issn = {1386-4564},
	Issue_Date = {May 2000},
	Journal = {Information Retrieval},
	Month = may,
	Number = {4},
	Numpages = {34},
	Pages = {303--336},
	Publisher = {Kluwer Academic Publishers},
	Title = {{Learning Algorithms for Keyphrase Extraction}},
	Volume = {2},
	Year = {2000}}

@phdthesis{Blitzer08,
	Address = {Pennsylvania},
	Author = {John Blitzer},
	School = {University of Pennsylvania},
	Title = {{Domain Adaptation of Natural Language Processing Systems}},
	Year = {2008}}

	
@inproceedings{Marcu00_mt,
 author = {Marcu, Daniel and Carlson, Lynn and Watanabe, Maki},
 title = {The automatic translation of discourse structures},
 booktitle = {Proceedings of the 1st North American chapter of the Association for Computational Linguistics conference},
 series = {NAACL 2000},
 year = {2000},
 address = {Seattle, Washington},
 pages = {9--17},
 publisher = {ACL}
} 	
	
@inproceedings{Nguyen10,
 author = {Nguyen, Dong and Mayfield, Elijah and Ros{\'e}, Carolyn P.},
 title = {An analysis of perspectives in interactive settings},
 booktitle = {Proceedings of the First Workshop on Social Media Analytics},
 series = {SOMA '10},
 year = {2010},
 address = {Washington D.C., District of Columbia},
 pages = {44--52},
 publisher = {ACM},
} 	

@inproceedings{Tumasjan10,
    author = {Tumasjan, A. and Sprenger, T. O. and Sandner, P. G. and Welpe, I. M.},
    booktitle = {Proceedings of the Fourth International AAAI Conference on Weblogs and Social Media},
    pages = {178--185},
    title = {{Predicting elections with twitter: What 140 characters reveal about political sentiment}},
    year = {2010}
}
	
@inproceedings{Hulth03,
	Author = {Hulth, Anette},
	Booktitle = {Proceedings of the 2003 conference on Empirical methods in natural language processing},
	Pages = {216--223},
	Publisher = {ACL},
	Series = {EMNLP '03},
	Title = {{Improved Automatic Keyword Extraction Given More Linguistic Knowledge}},
	Year = {2003},
}

@phdthesis{Medelyan_th,
	Address = {Hamilton, New Zealand},
	Author = {O. Medelyan},
	School = {The University of Waikato},
	Title = {{Human-Competitive Automatic Topic Indexing}},
	Year = {2009}}

@misc{slashdot,
	Title = {{http://slashdot.org}}}

@inproceedings{Zhao11,
	Address = {Portland, Oregon},
	Author = {Zhao, Wayne Xin and Jiang, Jing and He, Jing and Song, Yang and Achananuparp, Palakorn and Lim, Ee-Peng and Li, Xiaoming},
	Booktitle = {Proceedings of the 49th Annual Meeting of the Association for Computational Linguistics: Human Language Technologies - Volume 1},
	Pages = {379--388},
	Publisher = {ACL},
	Series = {HLT '11},
	Title = {{Topical Keyphrase Extraction from Twitter}},
	Year = {2011}}

@article{Liu12,
	Address = {New York, NY, USA},
	Author = {Liu, S. and Zhou, M. X. and Pan, S. and Song, Y. and Qian, W. and Cai, W. and Lian, X.},
	Issn = {2157-6904},
	Issue_Date = {February 2012},
	Journal = {ACM Trans. Intell. Syst. Technol.},
	Month = feb,
	Number = {2},
	Numpages = {28},
	Pages = {25:1--25:28},
	Publisher = {ACM},
	Title = {{TIARA: Interactive, Topic-based Visual Text Summarization and Analysis}},
	Volume = {3},
	Year = {2012}}

@inproceedings{Shafiq10,
	Address = {Massachusetts, USA},
	Author = {Shafiq Joty and Giuseppe Carenini and Gabriel Murray and Raymond T. Ng},
	Booktitle = {Proceedings of the conference on Empirical Methods in Natural Language Processing},
	Pages = {388--398},
	Publisher = {ACL},
	Series = {EMNLP'10},
	Title = {{Exploiting Conversation Structure in Unsupervised Topic Segmentation for Emails}},
	Year = {2010}}

@inproceedings{Shafiq11a,
	Address = {Barcelona, Spain},
	Author = {Shafiq Joty and Giuseppe Carenini and Gabriel Murray and Raymod T. Ng},
	Booktitle = {Proceedings of the Fifth International AAAI Conference on Weblogs and Social Media},
	Pages = {530--533},
	Publisher = {AAAI},
	Series = {ICWSM'11},
	Title = {{Supervised Topic Segmentation of Email Conversations}},
	Year = {2011}}

@article{Blei03,
	Author = {Blei, D. and Ng, A. and Jordan, M.},
	Issn = {1532-4435},
	Journal = {The Journal of Machine Learning Research},
	Month = mar,
	Pages = {993--1022},
	Publisher = {JMLR.org},
	Title = {{Latent Dirichlet Allocation}},
	Volume = {3},
	Year = {2003}}

@inproceedings{Mei07,
	Address = {California, USA},
	Author = {Mei, Q. and Shen, X. and Zhai, C.},
	Booktitle = {Proceedings of the 13th ACM SIGKDD international conference on Knowledge discovery and data mining},
	Pages = {490--499},
	Publisher = {ACM},
	Title = {{Automatic labeling of Multinomial topic models}},
	Year = {2007}}

@inbook{Mihalcea11,
	Author = {R. Mihalcea and D. Radev},
	Publisher = {Cambridge University Press},
	Title = {{Graph-based Natural Language Processing and Information Retrieval}},
	Year = {2011}}

@inbook{Martin92,
	Address = {Philadelphia/Amsterdam},
	Author = {James Martin},
	Publisher = {John Benjamins Publishing Company},
	Title = {{English Text: System and Structure}},
	Year = {1992}}

@article{Webber04,
	Author = {B. Webber},
	Journal = {Cognitive Science},
	Number = {5},
	Pages = {751--779},
	Title = {{D-LTAG: Extending Lexicalized TAG to Discourse}},
	Volume = {28},
	Year = {2004}}

@article{Danlos09,
	Author = {Laurence Danlos},
	Journal = {TAL},
	Number = {1},
	Pages = {111--143},
	Title = {{D-STAG: a Discourse Analysis Formalism based on Synchronous TAGs}},
	Volume = {50},
	Year = {2009}}

@inproceedings{Lau11,
	Address = {Portland, USA},
	Author = {J. Lau and K. Grieser and D. Newman and T. Baldwin},
	Booktitle = {Proceedings of the 49th annual meeting on Association for Computational Linguistics},
	series = {ACL'11},
	Pages = {1536--1545},
	Publisher = {ACL},
	Title = {{Automatic Labelling of Topic Models}},
	Year = {2011}}

@phdthesis{Swapna10,
	Author = {S. Somasundaran},
	Address = {Pittsburgh},
	School = {University of Pittsburgh},
	Title = {{Discourse-Level Relations for Opinion Analysis}},
	Year = {2010}}
	
@inproceedings{Choi06,
 author = {Choi, Yejin and Breck, Eric and Cardie, Claire},
 title = {Joint extraction of entities and relations for opinion recognition},
 booktitle = {Proceedings of the 2006 Conference on Empirical Methods in Natural Language Processing},
 series = {EMNLP '06},
 year = {2006},
 isbn = {1-932432-73-6},
 address = {Sydney, Australia},
 pages = {431--439},
 numpages = {9},
 publisher = {ACL},
} 
	

@MastersThesis{Shama12,
	Author = {Shama Rashid},
	School = {University of British Columbia},
	Address = {Vancouver},
	Title = {{A Visual Interface for Browsing and Summarizing Conversations}},
	Year = {2012}}
	
	@article{Wolf05,
	Author = {Wolf, Florian and Gibson, Edward},
	Issn = {0891-2017},
	Issue = {2},
	Journal = {Computational Linguistics},
	Month = {June},
	Pages = {249--288},
	Publisher = {MIT Press},
	Title = {{Representing Discourse Coherence: A Corpus-Based Study}},
	Volume = {31},
	Year = {2005}}

@inproceedings{Wainwright01,
	Author = {M. Wainwright and T. Jaakkola and A. Willsky},
	Booktitle = {Advances in Neural Information Processing Systems 14},
	Pages = {1001--1008},
	Publisher = {MIT Press},
	Title = {{Tree-based Reparameterization for Approximate Inference on Loopy Graphs}},
	Year = {2002}}

@inproceedings{Magerman95,
	Address = {Cambridge, Massachusetts},
	Author = {Magerman, David},
	Booktitle = {Proceedings of the 33rd annual meeting on Association for Computational Linguistics},
	series = {ACL'95},
	Pages = {276--283},
	Publisher = {ACL},
	Title = {{Statistical Decision-tree Models for Parsing}},
	Year = {1995}}

@article{Collins03,
	Author = {Collins, Michael},
	Issn = {0891-2017},
	Issue_Date = {December 2003},
	Journal = {Computational Linguistics},
	Month = dec,
	Number = {4},
	Pages = {589--637},
	Publisher = {MIT Press},
	Title = {{Head-Driven Statistical Models for Natural Language Parsing}},
	Volume = {29},
	Year = {2003}}

@article{Sacks74,
	Author = {Sacks, H. and Schegloff, A. and Jefferson, G},
	Journal = {Language},
	Pages = {696--735},
	Title = {{A Simplest Systematics for the Organization of Turn-taking for Conversation}},
	Volume = {50},
	Year = {1974}}

@article {Schegloff68,
author = {Schegloff, A.},
title = {Sequencing in Conversational Openings1},
journal = {American Anthropologist},
volume = {70},
number = {6},
publisher = {Blackwell Publishing Ltd},
issn = {1548-1433},
pages = {1075--1095},
year = {1968},
}	

@inproceedings{Jansen:14,
  year = {2014}, 
  author = {Jansen, Peter and Surdeanu, Mihai and Clark, Peter},
  booktitle = {Proceedings of the 52nd Annual Meeting of the Association for Computational Linguistics (ACL)}, 
  title = {Discourse Complements Lexical Semantics for Non-factoid Answer Reranking}, 
}
	
@inproceedings{Sha03,
	Address = {Edmonton, Canada},
	Author = {Sha, Fei and Pereira, Fernando},
	Booktitle = {Proceedings of the 2003 Conference of the North American Chapter of the Association for Computational Linguistics on Human Language Technology - Volume 1},
	series = {NAACL-HLT'03},
	Pages = {134--141},
	Publisher = {ACL},
	Title = {{Shallow Parsing with Conditional Random Fields}},
	Year = {2003}}

@inproceedings{Verberne07,
	Author = {Verberne, Suzan and Boves, Lou and Oostdijk, Nelleke and Coppen, Peter--Arno},
	Booktitle = {Proceedings of the 30th annual international ACM SIGIR conference on Research and development in information retrieval},
	Series = {SIGIR'07},
	Pages = {735--736},
  Address = {Amsterdam, The Netherlands},
	Publisher = {ACM},
	Title = {{Evaluating Discourse-based Answer Extraction for Why-question Answering}},
	Year = {2007}}

@inproceedings{Subba09,
	Address = {Boulder, Colorado},
	Author = {Rajen Subba and Barbara Di-Eugenio},
	Booktitle = {Proceedings of Human Language Technologies: The 2009 Annual Conference of the North American Chapter of the Association for Computational Linguistics},
	Series = {HLT-NAACL'09},
	Pages = {566--574},
	Publisher = {ACL},
	Title = {{An Effective Discourse Parser that Uses Rich Linguistic Information}},
	Year = {2009}}
	
@book{smith11book, 
title = {Linguistic Structure Prediction}, 
author = {Noah A. Smith}, 
year = {2011}, 
series = {Synthesis Lectures on Human Language Technologies}, 
publisher = {Morgan and Claypool}, 
month = {May}
}	

@inproceedings{Sporleder05,
	Address = {Vancouver, British Columbia, Canada},
	Author = {Caroline Sporleder and Mirella Lapata},
	Booktitle = {Proceedings of the conference on Human Language Technology and Empirical Methods in Natural Language Processing},
	Series = {HLT-EMNLP'05},
	Pages = {257--264},
	Publisher = {ACL},
	Title = {{Discourse Chunking and its Application to Sentence Compression}},
	Year = {2005}}

@inproceedings{Prasad08,
	Address = {Marrakech, Morocco},
	Author = {Rashmi Prasad and Nikhil Dinesh and Alan Lee and Eleni Miltsakaki and Livio Robaldo and Aravind Joshi and Bonnie Webber},  
	Booktitle = {Proceedings of the Sixth International Conference on Language Resources and Evaluation (LREC)},
	Isbn = {2-9517408-4-0},
	Pages = {2961--2968},
	Publisher = {ELRA},
	Title = {{The Penn Discourse TreeBank 2.0.}},
	Year = {2008}}

@article{Marcus93,
	Author = {Marcus, Mitchell and Marcinkiewicz, Mary and Santorini, Beatrice},
	Journal = {Computational Linguistics},
	Number = {2},
	Pages = {313--330},
	Title = {{Building a Large Annotated Corpus of English: The Penn Treebank}},
	Volume = {19},
	Year = {1994}}

@inproceedings{McCallumMALLET,
	Author = {Andrew McCallum},
	Publisher = {http://mallet.cs.umass.edu},
	Title = {{MALLET: A Machine Learning for Language Toolkit}},
	Year = {2002}}

@book{Marcu00Book,
	Address = {Cambridge, MA, USA},
	Author = {Marcu, Daniel},
	Publisher = {MIT Press},
	Title = {{The Theory and Practice of Discourse Parsing and Summarization}},
	Year = {2000}}

@article{Marcu00,
	Author = {Daniel Marcu},
	Journal = {Computational Linguistics},
	Pages = {395--448},
	Title = {{The Rhetorical Parsing of Unrestricted Texts: A Surface-based Approach}},
	Volume = {26},
	Year = {2000}}

@book{Stede11,
	Author = {Manfred Stede},
	Publisher = {Morgan And Claypool Publishers},
	Series = {Synthesis Lectures on Human Language Technologies},
	Title = {Discourse Processing},
	Year = {2011}}

@article{Mann88,
	Author = {Mann, William and Thompson, Sandra},
	Citeulike-Article-Id = {1357206},
	Journal = {Text},
	Keywords = {52135},
	Number = {3},
	Pages = {243--281},
	Posted-At = {2007-06-02 14:19:48},
	Priority = {2},
	Title = {{Rhetorical Structure Theory: Toward a Functional Theory of Text Organization}},
	Volume = {8},
	Year = {1988}}

@inproceedings{Lafferty01,
	Address = {San Francisco, CA, USA},
	Author = {Lafferty, John and McCallum, Andrew and Pereira, Fernando},
	Booktitle = {Proceedings of the Eighteenth International Conference on Machine Learning},
	Pages = {282--289},
	Publisher = {Morgan Kaufmann Publishers Inc.},
	Title = {{Conditional Random Fields: Probabilistic Models for Segmenting and Labeling Sequence Data}},
	Year = {2001}}

@article{Knott__94,
	Author = {Knott, A. and Dale, R.},
	Journal = {Discourse Processes},
	Number = {1},
	Pages = {35--62},
	Publisher = {Routledge},
	Title = {{Using Linguistic Phenomena to Motivate a Set of Coherence Relations}},
	Volume = {18},
	Year = {1994}}

@INPROCEEDINGS{Yamron98, 
author={Yamron, J.P. and Carp, I. and Gillick, L. and Lowe, S. and van Mulbregt, P.}, 
booktitle={Acoustics, Speech and Signal Processing, 1998. Proceedings of the 1998 IEEE International Conference on}, 
title={A hidden Markov model approach to text segmentation and event tracking}, 
year={1998}, 
volume={1}, 
pages={333--336 vol.1}, 
doi={10.1109/ICASSP.1998.674435}, 
ISSN={1520-6149},}	
	
@inbook{Jurafsky08,
	Author = {Daniel Jurafsky and James Martin},
	Chapter = {14},
	Publisher = {Prentice Hall},
	Title = {{Speech and Language Processing}},
	Year = {2008}}

@article{Sutton07,
	Acmid = {1314523},
	Author = {Charles Sutton and Andrew McCallum and Khashayar Rohanimanesh},
	Issn = {1532-4435},
	Issue_Date = {12/1/2007},
	Journal = {Journal of Machine Learning Research (JMLR)},
	Numpages = {31},
	Pages = {693--723},
	Publisher = {JMLR.org},
	Title = {{Dynamic Conditional Random Fields: Factorized Probabilistic Models for Labeling and Segmenting Sequence Data}},
	Volume = {8},
	Year = {2007}
}

@inproceedings{Marcu03,
	Address = {Edmonton, Canada},
	Author = {Soricut, Radu and Marcu, Daniel},
	Booktitle = {Proceedings of the 2003 Conference of the North American Chapter of the Association for Computational Linguistics on Human Language Technology - Volume 1},
	series = {NAACL'03},
	Pages = {149--156},
	Publisher = {ACL},
	Title = {{Sentence Level Discourse Parsing Using Syntactic and Lexical Information}},
	Year = {2003}}

@article{Breiman96,
	Author = {Breiman, Leo},
	Issn = {0885-6125},
	Issue_Date = {Aug. 1996},
	Journal = {Machine Learning},
	Month = aug,
	Number = {2},
	Numpages = {18},
	Pages = {123--140},
	Publisher = {Kluwer Academic Publishers},
	Title = {{Bagging Predictors}},
	Volume = {24},
	Year = {1996}}

@techreport{Carlson01,
	Author = {Lynn Carlson and Daniel Marcu},
	Institution = {University of Southern California Information Sciences Institute},
	Number = {ISI-TR-545},
	Title = {{Discourse Tagging Reference Manual}},
	Url = {http://www.isi.edu/~marcu/discourse/tagging-ref-manual.pdf},
	Year = {2001},
}

@article{Carlson02,
	Author = {Lynn Carlson and Daniel Marcu and Mary Ellen Okurowski},
	Isbn = {1-58563-223-6},
	Journal = {Linguistic Data Consortium, Philadelphia},
	Title = {{RST Discourse Treebank (RST--DT)  LDC2002T07}},
	Year = {2002}}

@inproceedings{Charniak05,
	Address = {NJ, USA},
	Author = {Eugene Charniak and Mark Johnson},
	Booktitle = {Proceedings of the 43rd Annual Meeting of the Association for Computational Linguistics},
	Series = {ACL'05},
	Pages = {173--180},
	Publisher = {ACL},
	Title = {{Coarse-to-Fine n-Best Parsing and MaxEnt Discriminative Reranking}},
	Year = {2005}}


@InProceedings{joty-moschitti:2014:EMNLP2014,
  author    = {Joty, Shafiq  and  Moschitti, Alessandro},
  title     = {Discriminative Reranking of Discourse Parses Using Tree Kernels},
  booktitle = {Proceedings of the 2014 Conference on Empirical Methods in Natural Language Processing (EMNLP)},
  month     = {October},
  year      = {2014},
  address   = {Doha, Qatar},
  publisher = {ACL},
  pages     = {2049--2060},
}


@inproceedings{Charniak00,
	Address = {Seattle, Washington},
	Author = {Eugene Charniak},
	Booktitle = {Proceedings of the 1st North American Chapter of the Association for Computational Linguistics Conference},
	Pages = {132--139},
	Series = {NAACL'00},
	Publisher = {ACL},
	Title = {{A Maximum-Entropy-Inspired Parser}},
	Year = {2000}}

@article{Schilder02,
	Address = {New York, NY, USA},
	Author = {Schilder, Frank},
	Issn = {1351--3249},
	Issue_Date = {June 2002},
	Journal = {Natural Language Engineering},
	Month = jun,
	Number = {3},
	Pages = {235--255},
	Publisher = {Cambridge University Press},
	Title = {{Robust Discourse Parsing via Discourse Markers, Topicality and Position}},
	Volume = {8},
	Year = {2002}}

@inproceedings{Helmut09,
	Address = {Suntec, Singapore},
	Author = {David duVerle and Helmut Prendinger},
	Booktitle = {Proceedings of the Joint Conference of the 47th Annual Meeting of the ACL and the 4th International Joint Conference on Natural Language Processing of the AFNLP},
	Pages = {665--673},
	Publisher = {ACL},
	Title = {{A Novel Discourse Parser based on Support Vector Machine Classification}},
	Year = {2009},
}

@inproceedings{Daume07,
	Address = {Prague, Czech Republic},
	Author = {Daum{\'e},III, Hal},
	Series = {ACL'07},
	Booktitle = {Proceedings of the 45th Annual Meeting of the Association for Computational Linguistics},
	Pages = {256--263},
	Publisher = {ACL},
	Title = {{Frustratingly Easy Domain Adaptation}},
	Year = {2007}}

@inproceedings{Daume:2010:FES:1870526.1870534,
	Acmid = {1870534},
	Address = {Stroudsburg, PA, USA},
	Author = {Daum{\'e},III, Hal and Kumar, Abhishek and Saha, Avishek},
	Booktitle = {Proceedings of the 2010 Workshop on Domain Adaptation for Natural Language Processing},
	Isbn = {978-1-932432-80-0},
	Location = {Uppsala, Sweden},
	Numpages = {7},
	Pages = {53--59},
	Publisher = {ACL},
	Series = {DANLP 2010},
	Title = {Frustratingly easy semi-supervised domain adaptation},
	Url = {http://dl.acm.org/citation.cfm?id=1870526.1870534},
	Year = {2010},
	Bdsk-Url-1 = {http://dl.acm.org/citation.cfm?id=1870526.1870534}}

@inproceedings{Finkel08,
	Address = {Columbus, Ohio, USA},
	Author = {Finkel, Jenny Rose  and  Kleeman, Alex  and  Manning, Christopher},
	Booktitle = {Proceedings of the 46th Annual Meeting of the Association for Computational Linguistics},
	Series = {ACL'08},
	Pages = {959--967},
	Publisher = {ACL},
	Title = {{Efficient, Feature-based, Conditional Random Field Parsing}},
	Year = {2008}}

@inproceedings{Fisher07,
	Address = {Prague, Czech Republic},	
	Series = {ACL'07},
	Author = {Seeger Fisher and Brian Roark},
	Booktitle = {Proceedings of the 45th Annual Meeting of the Association for Computational Linguistics},
	Pages = {488--495},
	Publisher = {ACL},
	Title = {{The Utility of Parse-derived Features for Automatic Discourse Segmentation}},
	Year = {2007}}

@article{Wolpert96,
 author = {Wolpert, David H.},
 title = {The lack of a priori distinctions between learning algorithms},
 journal = {Neural Comput.},
 issue_date = {October 1, 1996},
 volume = {8},
 number = {7},
 month = oct,
 year = {1996},
 pages = {1341--1390},
 publisher = {MIT Press},
 address = {Cambridge, MA, USA},
} 	
	
	
@inproceedings{Ghosh11,
	Address = {Chiang Mai, Thailand},
	Author = {Sucheta Ghosh and Richard Johansson and Giuseppe Riccardi and Sara Tonelli},
	Booktitle = {Proceedings of the 5th International Joint Conference on Natural Language Processing},
	Pages = {1071--1079},
	Publisher = {AFNLP},
	Series = {IJCNLP'11},
	Title = {{Shallow Discourse Parsing with Conditional Random Fields}},
	Year = {2011}}

@article{Hernault10,
	Author = {Hugo Hernault and Helmut Prendinger and David duVerle and Mitsuru Ishizuka},
	Journal = {Dialogue and Discourse},
	Number = {3},
	Pages = {1--33},
	Title = {{HILDA: A Discourse Parser Using Support Vector Machine Classification}},
	Volume = {1},
	Year = {2010}}

@inproceedings{Prasad05,
	Address = {Birmingham, U.K.},
	Author = {Rashmi Prasad and Aravind Joshi and Nikhil Dinesh and Alan Lee and Eleni Miltsakaki and Bonnie Webber},
	Booktitle = {Proceedings of the Corpus Linguistics Workshop on Using Corpora for Natural Language Generation},
	Pages = {25--32},
	Title = {{The Penn Discourse TreeBank as a Resource for Natural Language Generation}},
	Year = {2005}}

@article{Li07,
	Author = {Li, Ming-Hui and Lin, Lei and Wang, Xiao-Long and Liu, Tao},
	Journal = {Bioinformatics},
	Number = {5},
	Pages = {597--604},
	Title = {Protein--protein interaction site prediction based on conditional random fields},
	Volume = {23},
	Year = {2007}}

@article{Webber12,
author = {Webber,B. and Egg, M. and Kordoni, V.},
title = {Discourse structure and language technology},
journal = {Natural Language Engineering},
volume = {18},
issue = {04},
month = {10},
year = {2012},
issn = {1469--8110},
pages = {437--490},
}	
	
@inproceedings{Allan03,
	Address = {Toronto, Canada},
	Author = {Allan, James and Wade, Courtney and Bolivar, Alvaro},
	Booktitle = {Proceedings of the 26th annual international ACM SIGIR conference on Research and development in informaion retrieval},
	Pages = {314--321},
	Publisher = {ACM},
	Series = {SIGIR '03},
	Title = {{Retrieval and Novelty Detection at the Sentence Level}},
	Year = {2003}}

@inproceedings{lu_cvpr2011,
	Author = {Wei-Lwun Lu and Jo-Anne Ting and Kevin P. Murphy and James J. Little},
	Booktitle = {Identifying Players in Broadcast Sports Videos using Conditional Random Fields},
	Journal = {Proceedings of the 2011 IEEE Conference on Computer Vision and Pattern Recognition},
	Year = {2011}}


@inproceedings{McCallum00icml,
 author = {McCallum, Andrew and Freitag, Dayne and Pereira, Fernando C. N.},
 title = {Maximum Entropy Markov Models for Information Extraction and Segmentation},
 booktitle = {Proceedings of the Seventeenth International Conference on Machine Learning},
 series = {ICML '00},
 year = {2000},
 pages = {591--598},
 publisher = {Morgan Kaufmann Publishers Inc.},
 address = {San Francisco, CA, USA},
} 

@book{Kevin12,
	Author = {Kevin Murphy},
	Publisher = {The MIT Press},
	Title = {{Machine Learning A Probabilistic Perspective}},
	Year = {2012}}

	@book{Daphne12,
	Author = { Daphne Koller and Nir Friedman},
	Publisher = {The MIT Press},
	Title = {{Probabilistic Graphical Models Principles and Techniques}},
	Year = {2009}}

@book{Seneta81,
	Author = {E. Seneta},
	Publisher = {Springer-Verlag},
	Title = {{Non-negative Matrices and Markov Chains}},
	Year = {1981}}

@article{Kintsch88,
	Author = {Kintsch, W},
	Editor = {Polk Colleen M, Thad A SeifertEditor},
	Journal = {Psychological Review},
	Number = {2},
	Pages = {163--182},
	Publisher = {American Psychological Association},
	Title = {The role of knowledge in discourse comprehension: a construction-integration model.},
	Url = {http://www.ncbi.nlm.nih.gov/pubmed/3375398},
	Volume = {95},
	Year = {1988},
	Bdsk-Url-1 = {http://www.ncbi.nlm.nih.gov/pubmed/3375398}}

@inproceedings{Pang04,
 author = {Pang, Bo and Lee, Lillian},
 title = {A sentimental education: sentiment analysis using subjectivity summarization based on minimum cuts},
 booktitle = {Proceedings of the 42nd Annual Meeting on Association for Computational Linguistics},
 series = {ACL '04},
 year = {2004},
 address = {Barcelona, Spain},
 articleno = {271},
 publisher = {ACL},
}	
	
@inproceedings{Regina04,
	Author = {Barzilay, Regina and Lee, Lillian},
	Booktitle = {Proceedings of the Human Language Technology Conference of the North American Chapter of the Association for Computational Linguistics},
	Series = {HLT-NAACL'04},
	Publisher = {ACL},
	Title = {{Catching the Drift: Probabilistic Content Models, with Applications to Generation and Summarization}},
	Year = {2004}}

@inproceedings{Hernault10CRF,
	Author = {Hugo Hernault and Danushka Bollegala and Mitsuru Ishizuka},
	Booktitle = {CICLing},
	Title = {A Sequential Model for Discourse Segmentation},
	Year = {2010}}

@inproceedings{Murray06,
	Author = {G. Murray and S. Renals and J. Carletta and J. Moore},
	Booktitle = {Proceedings of the Human Language Technology Conference of the North American Chapter of the Association for Computational Linguistics},
	series = {HLT-NAACL'06},
	Title = {{Incorporating Speaker and Discourse Features into Speech Summarization}},
	Year = {2006}}

@inproceedings{Wang13,
	Author = {Lu Wang and Claire Cardie},
	Booktitle = {Proceedings of the 51st Annual Meeting of the Association for Computational Linguistics},
	Title = {{Domain-Independent Abstract Generation for Focused Meeting Summarization}},
	address = {Sofia, Bulgaria},
	series = {ACL'13},
	Year = {2013},
	Publisher = {ACL}}

	
	
@inproceedings{Dielmann07,
	Author = {Dielmann, Alfred and Renals, Steve},
	Booktitle = {Proceedings of the IEEE International Conference on Acoustics Speech and Signal Processing},
	Series = {ICASSP '07},
	Title = {{{DBN} based Joint Dialogue Act Recognition of Multiparty Meetings}},
	Year = {2007}}

@inproceedings{Kolar08,
	Address = {Berlin, Heidelberg},
	Author = {Kol\'{a}\v{r}, J\'{a}chym},
	Booktitle = {Proceedings of the 11th international conference on Text, Speech and Dialogue},
	Location = {Brno, Czech Republic},
	Pages = {117--124},
	Publisher = {Springer-Verlag},
	Series = {TSD '08},
	Title = {{A Comparison of Language Models for Dialog Act Segmentation of Meeting Transcripts}},
	Year = {2008}}

@article{Rangarajan09,
	Address = {London, UK},
	Author = {Rangarajan Sridhar, Vivek Kumar and Bangalore, Srinivas and Narayanan, Shrikanth},
	Issn = {0885-2308},
	Issue = {4},
	Journal = {Comput. Speech Lang.},
	Month = {October},
	Pages = {407--422},
	Publisher = {Academic Press Ltd.},
	Title = {{Combining Lexical, Syntactic and Prosodic Cues for Improved Online Dialog Act Tagging}},
	Volume = {23},
	Year = {2009}}

@inproceedings{Mckeown07,
	Author = {Mckeown, Kathleen and Shrestha, Lokesh and Rambow, Owen},
	Booktitle = {Proceedings of the 8th International Conference on Computational Linguistics and Intelligent Text Processing},
	Pages = {542--550},
	Publisher = {Springer-Verlag},
	Series = {CICLing '07},
	Title = {{Using Question-Answer Pairs in Extractive Summarization of Email Conversations}},
	Year = {2007},
}

@article{Baron08,
	Author = {Naomi S. Baron},
	Journal = {Oxford ; New York : Oxford University Press},
	Title = {{Always On: Language in an Online and Mobile World}},
	Year = {2008}}

@article{Wilks06,
	Author = {Yorick Wilks},
	Journal = {OII Research Report No. 13},
	Title = {{Artificial Companions as a New Kind of Interface to the Future Internet}},
	Year = {2006}}

@article{Stolcke00,
	Author = {Stolcke, A. and Coccaro, N. and Bates, R. and Taylor, P. and Van Ess-Dykema, C. and Ries, K. and Shriberg, E. and Jurafsky, D. and Martin, R. and Meteer, M.},
	Issue = {3},
	Issue_Date = {September 2000},
	Journal = {Computational Linguistics},
	Pages = {339--373},
	Publisher = {MIT Press},
	Title = {{Dialogue Act Modeling for Automatic Tagging and Recognition of Conversational Speech}},
	Volume = {26},
	Year = {2000}}

@inproceedings{Wang10,
	Author = {Wang, Yi-Chia and Ros\'{e}, Carolyn P.},
	Booktitle = {Human Language Technologies: The 2010 Annual Conference of the North American Chapter of the Association for Computational Linguistics},
	Series = {HLT-NAACL'10},
	Address = {Los Angeles, California},
	Pages = {673--676},
	Publisher = {ACL},
	Series = {HLT '10},
	Title = {Making Conversational Structure Explicit: Identification of Initiation-Response Pairs within Online Discussions},
	Year = {2010}
}

@inproceedings{Utiyama01,
	Author = {Utiyama, Masao and Isahara, Hitoshi},
	Booktitle = {ACL '01: Proceedings of the 39th Annual Meeting on Association for Computational Linguistics},
	Location = {Toulouse, France},
	Pages = {499--506},
	Publisher = {ACL},
	Title = {A statistical model for domain-independent text segmentation},
	Year = {2001}}

@inproceedings{Murray10NAACL,
 author = {Murray, Gabriel and Carenini, Giuseppe and Ng, Raymond},
 title = {{Interpretation and Transformation for Abstracting Conversations}},
 booktitle = {Human Language Technologies: The 2010 Annual Conference of the North American Chapter of the Association for Computational Linguistics},
 series = {HLT '10},
 year = {2010},
 address = {Los Angeles, California},
 pages = {894--902},
 publisher = {ACL}
} 	
	
@inproceedings{Gabriel10b,
	Author = {Gabriel Murray and Giuseppe Carenini and Raymond T. Ng},
	Booktitle = {Proceedings of the 6th International Natural Language Generation Conference}, 
	series = {INLG'10},
	Location = {Dublin, Ireland},
	Title = {{Generating and Validating Abstracts of Meeting Conversations: a User Study}},
	Year = {2010}}

@article{Murray09c,
	Address = {New York, NY, USA},
	Articleno = {2},
	Author = {Murray, Gabriel and Kleinbauer, Thomas and Poller, Peter and Becker, Tilman and Renals, Steve and Kilgour, Jonathan},
	Issn = {1550-4875},
	Issue = {2},
	Journal = {ACM Trans. Speech Lang. Process.},
	Month = {October},
	Pages = {2:1--2:29},
	Publisher = {ACM},
	Title = {{Extrinsic Summarization Evaluation: A Decision Audit Task}},
	Volume = {6},
	Year = {2009}}

@inproceedings{Mckeown05,
	Author = {Kathleen Mckeown and Julia Hirschberg and Michel Galley and Sameer Maskey},
	Booktitle = {Proceedings of the IEEE International Conference on Acoustics, Speech, and Signal Processing},
	Series = {ICASSP'05},
	Location = {Philadelphia, USA},
	Title = {{From Text to Speech Summarization}},
	Year = {2005}}

@article{Barzilay05,
	Author = {Barzilay, Regina and McKeown, Kathleen R.},
	Issn = {0891-2017},
	Issue = {3},
	Issue_Date = {September 2005},
	Journal = {Computational Linguistics},
	Month = {September},
	Pages = {297--328},
	Publisher = {MIT Press},
	Title = {{Sentence Fusion for Multidocument News Summarization}},
	Volume = {31},
	Year = {2005}}

@inproceedings{Carenini06,
	Author = {Giuseppe Carenini and Raymond Ng and Adam Pauls},
	Booktitle = {In Proceedings of the 11st Conference of the European Chapter of the Association for Computational Linguistics},
	Series = {EACL'06},
	Title = {Multi-document summarization of evaluative text},
	Year = {2006}}

@article{rush2015neural,
  title={A neural attention model for abstractive sentence summarization},
  author={Rush, Alexander M and Chopra, Sumit and Weston, Jason},
  journal={arXiv preprint arXiv:1509.00685},
  year={2015}
}
@inproceedings{Gabriel10a,
	Address = {Los Angeles, California},
	Author = {Murray, Gabriel and Carenini, Giuseppe and Ng, Raymond},
	Booktitle = {Human Language Technologies: The 2010 Annual Conference of the North American Chapter of the Association for Computational Linguistics},
	Series = {HLT-ACL'10},
	Month = {June},
	Pages = {894--902},
	Publisher = {ACL},
	Title = {{Interpretation and Transformation for Abstracting Conversations}},
	Year = {2010}}

@article{Krishnapuram05,
	Author = {Balaji Krishnapuram and Lawrence Carin and M. A. T. Figueiredo and Senior Member and Er J. Hartemink},
	Issn = {6},
	Journal = {IEEE Transactions on Pattern Analysis and Machine Intelligence},
	Pages = {957--968},
	Title = {{Sparse Multinomial Logistic Regression: Fast Algorithms and Reneralization Bounds}},
	Volume = {27},
	Year = {2005}}
	
@article{Bansal02,
 author = {Bansal, Nikhil and Blum, Avrim and Chawla, Shuchi},
 title = {{Correlation Clustering}},
 Journal = {Machine Learning},
 year = {2004},
 isbn = {0-7695-1822-2},
 pages = {89--113},
 Volume = {56},
 Issn = {1-3},
 Publisher = {Kluwer Academic Publishers}
} 	

@article{Micha10,
	Author = {Elsner, M. and Charniak, E.},
	Issn = {3},
	Journal = {Computational Linguistics},
	Pages = {389--409},
	Title = {{Disentangling Chat}},
	Volume = {36},
	Year = {2010}}

@article{NSF_group,
	Author = {},
	Journal = {Targeted to the NSF IIS Core program},
	Title = "{{A Computational Exploration of the Social Dynamics of Small Groups: Hypergraphs, Tensors, and Deep Learning}}",
	Volume = {Collaboration with the University of Minnesota},
	Year = {Oct, 2016}}

@inproceedings{Micha11,
 author = {Elsner, Micha and Charniak, Eugene},
 title = {{Disentangling Chat with Local Coherence Models}},
 booktitle = {Proceedings of the 49th Annual Meeting of the Association for Computational Linguistics: Human Language Technologies - Volume 1},
 series = {HLT '11},
 year = {2011},
 address = {Portland, Oregon},
 pages = {1179--1189},
 publisher = {ACL}
 } 



@inproceedings{Wang09,
 author = {Wang, Lidan and Oard, Douglas W.},
 title = {{Context-based Message Expansion for Disentanglement of Interleaved Text Conversations}},
 booktitle = {Proceedings of Human Language Technologies: The 2009 Annual Conference of the North American Chapter of the Association for Computational Linguistics},
 series = {NAACL '09},
 year = {2009},
 address = {Boulder, Colorado},
 pages = {200--208},
 publisher = {ACL}
} 

@inproceedings{Blei01,
 author = {Blei, David M. and Moreno, Pedro J.},
 title = {{Topic Segmentation with an Aspect Hidden Markov Model}},
 booktitle = {Proceedings of the 24th annual international ACM SIGIR conference on Research and development in information retrieval},
 series = {SIGIR '01},
 year = {2001},
 address = {New Orleans, Louisiana, USA},
 pages = {343--348},
 publisher = {ACM},
} 



@inproceedings{Eisenstein09,
 author = {Eisenstein, Jacob},
 title = {{Hierarchical Text Segmentation from Multi-scale Lexical Cohesion}},
 booktitle = {Proceedings of Human Language Technologies: The 2009 Annual Conference of the North American Chapter of the Association for Computational Linguistics},
 series = {NAACL '09},
 year = {2009},
 address = {Boulder, Colorado},
 pages = {353--361},
 numpages = {9},
 publisher = {ACL}
} 


@article{Chali:2009:CQA,
 author = {Chali, Yllias and Joty, Shafiq and Hasan, Sadid},
 title = {Complex Question Answering: Unsupervised Learning Approaches and Experiments},
 journal = {Journal of Artificial Intelligence Research},
 issue_date = {2009},
 volume = {35},
 number = {1},
 year = {2009},
 issn = {1076-9757},
 pages = {1--47},
 numpages = {47},
 acmid = {1641504},
 publisher = {AI Access Foundation},
 address = {USA},
% month = may,
} 

@inproceedings{Dat16_bigData,
 author = {Dat Tien Nguyen and Kamela Ali Al Mannai and Shafiq Joty and Hassan Sajjad and Muhammad Imran and Prasenjit Mitra},
 title = {{Rapid Classification of Crisis-Related Data on Social Networks using\\ Convolutional Neural Networks}},
booktitle = {arxiv.org/pdf/1608.03902v1.pdf},
 series = {(Submitted)},
 year = {2016},
% publisher = {}
} 

@inproceedings{Shafiq16_naacl,
 author = {Shafiq Joty and Kamla Al-Mannai and Hassan Sajjad and Muhammad Imran and Prasenjit Mitra},
 title = {{Identifying Informative Disaster-related Tweets Using Deep Learning}},
booktitle = {Submitted},
% series = {NAACL'16},
 year = {2016},
% address = {Under review},
% address = {San Diego, California},
 pages = {xx--xx},
% numpages = {x},
% publisher = {ACL}
} 

@inproceedings{Shafiq16_cqa_naacl,
 author = {Shafiq Joty and  M\`{a}rquez, Llu\'{i}s and Preslav Nakov},
 title = {{Joint Learning with Global Inference for Comment Classification in Community Question Answering}},
booktitle = {Proceedings of the North American Chapter of the Association for Computational Linguistics: Human Language Technologies},
 series = {NAACL'16},
 year = {2016},
 address = {San Diego, California},
% pages = {to appear},
 numpages = {9},
 publisher = {ACL}
} 

@InProceedings{joty-EtAl:2015:EMNLP1,
  author    = {Joty, Shafiq  and  Barr\'{o}n-Cede\~{n}o, Alberto  and  Da San Martino, Giovanni  and  Filice, Simone  and  M\`{a}rquez, Llu\'{i}s  and  Moschitti, Alessandro  and  Nakov, Preslav},
  title     = {Global Thread-level Inference for Comment Classification in Community Question Answering},
  booktitle = {Proceedings of the 2015 Conference on Empirical Methods in Natural Language Processing},
  year      = {2015},
  address   = {Lisbon, Portugal},
  publisher = {ACL},
  pages     = {573--578},
  url       = {https://aclweb.org/anthology/D/D15/D15-1068}
}


@InProceedings{Devlin_2014_acl,
author="Devlin, Jacob and Zbib, Rabih and Huang, Zhongqiang and Lamar, Thomas
and Schwartz, Richard
and Makhoul, John",
title="Fast and Robust Neural Network Joint Models for Statistical Machine Translation",
booktitle="Proceedings of the 52nd Annual Meeting of the Association for Computational Linguistics",
series="ACL'14",
year="2014",
pages={1370--1380},
address="Baltimore, USA",
publisher = {ACL}
}

@InProceedings{liu-joty-meng:2015:EMNLP,
  author    = {Liu, Pengfei  and  Joty, Shafiq  and  Meng, Helen},
  title     = {Fine-grained Opinion Mining with Recurrent Neural Networks and Word Embeddings},
  booktitle = {Proceedings of the 2015 Conference on Empirical Methods in Natural Language Processing},
  year      = {2015},
  address   = {Lisbon, Portugal},
  series = {EMNLP'15},
  pages     = {1433--1443},
  url       = {http://aclweb.org/anthology/D15-1168}
%  publisher = {ACL},
}


@InProceedings{guzman2015-ACL,
author    = {Guzm\'{a}n, Francisco  and  Joty, Shafiq  and  M\`{a}rquez, Llu\'{i}s  and  Nakov, Preslav }, 
title     = {Pairwise Neural Machine Translation Evaluation},
booktitle = {Proceedings of the 53rd Annual Meeting of the Association for Computational Linguistics and The 7th International Joint Conference of the Asian
            Federation of Natural Language Processing},
  series = {ACL'15},
  year      = {2015},
  address   = {Beijing, China},
  publisher = {ACL},
  pages     = {805--814},
}


@inproceedings{Nguyen12,
 author = {Nguyen, Viet-An and Boyd-Graber, Jordan and Resnik, Philip},
 title = {{SITS: A Hierarchical Nonparametric Model using Speaker Identity for Topic Segmentation in Multiparty Conversations}},
 booktitle = {Proceedings of the 50th Annual Meeting of the Association for Computational Linguistics: Long Papers - Volume 1},
 series = {ACL '12},
 year = {2012},
 address = {Jeju Island, Korea},
 pages = {78--87},
 publisher = {ACL},
} 

@inproceedings{Mayfield12,
 author = {Mayfield, Elijah and Adamson, David and Ros{\'e}, Carolyn Penstein},
 title = {{Hierarchical Conversation Structure Prediction in Multi-party Chat}},
 booktitle = {Proceedings of the 13th Annual Meeting of the Special Interest Group on Discourse and Dialogue},
 series = {SIGDIAL '12},
 year = {2012},
 location = {Seoul, South Korea},
 pages = {60--69},
 publisher = {ACL}
 }

@InProceedings{joty-EtAl:2015:EMNLP2,
  author    = {Joty, Shafiq  and  Sajjad, Hassan  and  Durrani, Nadir  and  Al-Mannai, Kamla  and  Abdelali, Ahmed  and  Vogel, Stephan},
  title     = {How to Avoid Unwanted Pregnancies: Domain Adaptation using Neural Network Models},
  booktitle = {Proceedings of the 2015 Conference on Empirical Methods in Natural Language Processing},
  series    = {EMNLP'15},
  year      = {2015},
  address   = {Lisbon, Portugal},
  publisher = {ACL},
  pages     = {1259--1270},
  url       = {http://aclweb.org/anthology/D15-1147}
}

	
@article{Blei13,
	Author = {David Blei},
	Issn = {1},
	Volume = {2},
	Journal = {Journal of Digital Humanities},
	Title = {{Topic Modeling and Digital Humanities}},
	Year = {2013},
}
	
	
@article{Mitch10,
	Author = {Mitch Joel},
	Journal = {The Vancouver Sun},
	Title = {Blogging continues to grow with its place in publishing secured},
	Url = {http://www.vancouversun.com/story_print.html?id=3601974&sponsor=},
	Year = {2010},
	Bdsk-Url-1 = {http://www.vancouversun.com/story_print.html?id=3601974&sponsor=}}

@article{Paul10,
	Author = {Paul Verna},
	Journal = {eMarketer},
	Title = {{The Blogosphere: Colliding with Social and Mainstream Media}},
	Url = {http://www.emarketer.com/Reports/All/Emarketer_2000708.aspx},
	Year = {2010},
	Bdsk-Url-1 = {http://www.emarketer.com/Reports/All/Emarketer_2000708.aspx}}

@inproceedings{Shafiq11b,
	Address = {Barcelona, Spain},
	Author = {Shafiq Joty and Giuseppe Carenini and Chin-Yew Lin},
	Booktitle = {Proceedings of the twenty second International Joint Conference on Artificial Intelligence},
	Series = {IJCAI'11},
	Title = {{Unsupervised Modeling of Dialog Acts in Asynchronous Conversations}},
	Year = {2011}
}

@inproceedings{Pan13,
 author = {Pan, Shimei and Zhou, Michelle X. and Song, Yangqiu and Qian, Weihong and Wang, Fei and Liu, Shixia},
 title = {{Optimizing Temporal Topic Segmentation for Intelligent Text Visualization}},
 booktitle = {Proceedings of the 2013 international conference on Intelligent user interfaces},
 series = {IUI '13},
 year = {2013},
 address = {Santa Monica, California, USA},
 pages = {339--350},
 publisher = {ACM}
} 

@inproceedings{Hoque:Joty:17,
 author = {Enamul Hoque and Shafiq Joty and Lluís Màrquez and Giuseppe Carenini},
 title = {{CQAVis: Visual Text Analytics for Community Question Answering}},
 booktitle = {Proceedings of the 2017 international conference on Intelligent user interfaces},
 series = {IUI '17},
 year = {2017},
 address = {Limassol, Cyprus},
 pages = {to appear},
 publisher = {ACM}
} 

@article{Dork10,
 author = {Dork, Marian and Gruen, Daniel and Williamson, Carey and Carpendale, Sheelagh},
 title = {{A Visual Backchannel for Large-Scale Events}},
 journal = {IEEE Transactions on Visualization and Computer Graphics},
 issue_date = {November 2010},
 volume = {16},
 number = {6},
 month = nov,
 year = {2010},
 pages = {1129--1138},
 publisher = {IEEE Educational Activities Department},
 address = {Piscataway, NJ, USA}
} 

@inproceedings{Murray08AC,
 author = {Murray, Gabriel and Renals, Steve},
 title = {{Detecting Action Items in Meetings}},
 booktitle = {Proceedings of the 5th international workshop on Machine Learning for Multimodal Interaction},
 series = {MLMI '08},
 year = {2008},
 address = {Utrecht, The Netherlands},
 pages = {208--213},
 publisher = {Springer-Verlag}
} 

@inproceedings{Purver06DA,
 author = {Purver, Matthew and Ehlen, Patrick and Niekrasz, John},
 title = {{Detecting Action Items in Multi-party Meetings: Annotation and Initial Experiments}},
 booktitle = {Proceedings of the Third international conference on Machine Learning for Multimodal Interaction},
 series = {MLMI'06},
 year = {2006},
 address = {Bethesda, MD},
 pages = {200--211},
 publisher = {Springer-Verlag}
} 

@inproceedings{Aumayr2011,
  title={{Reconstruction of Threaded Conversations in Online Discussion Forums}},
  author={Aumayr, Erik and Chan, Jeffrey and Hayes, Conor},
  booktitle={Proceedings of the Fifth International AAAI Conference on Weblogs and Social Media},
  series = {ICWSM'11},
  pages={26--33},
  publisher = {AAAI},
  year={2011}
}

@inproceedings{Chaney12,
  title={{Visualizing Topic Models}},
  author={Allison Chaney and David Blei},
  booktitle={Proceedings of the Sixth International AAAI Conference on Weblogs and Social Media},
  Series = {ICWSM'12},
  pages={419--422},
  year={2012}
}

@inbook{Crystal01,
	Author = {Crystal, David},
	Publisher = {Cambridge University Press},
	Title = {Language and the Internet},
	Year = {2001}}

@inproceedings{Wang12,
 author = {Wang, Lu and Cardie, Claire},
 title = {{Unsupervised Topic Modeling Approaches to Decision Summarization in Spoken Meetings}},
 booktitle = {Proceedings of the 13th Annual Meeting of the Special Interest Group on Discourse and Dialogue},
 series = {SIGDIAL '12},
 year = {2012},
 address = {Seoul, South Korea},
 pages = {40--49},
 publisher = {ACL}
} 

	
	
@inproceedings{Lin00,
	Author = {Lin, C. Y. and Hovy, E.},
	Booktitle = {Proceedings of the 18th conference on Computational linguistics},
	Location = {Saarbrucken, Germany},
	Pages = {495--501},
	Publisher = {ACL},
	Title = {{The Automated Acquisition of Topic Signatures for Text Summarization}},
	Year = {2000}}

@inproceedings{Keith06,
	Author = {Trnka, Keith and Yarrington, Debra and McCoy, Kathleen and Pennington, Christopher},
	Booktitle = {IUI'06: Proceedings of the 11th international conference on Intelligent user interfaces},
	Location = {Sydney, Australia},
	Pages = {276--278},
	Publisher = {ACM},
	Title = {Topic modeling in fringe word prediction for AAC},
	Year = {2006}}

@inproceedings{Mark08,
	Address = {Gran Canaria, Spain},
	Author = {Dredze, M. and Wallach, H. M. and Puller, D. and Pereira, F.},
	Booktitle = {Proceedings of the 13th international conference on Intelligent user interfaces},
	Pages = {199--206},
	Publisher = {ACM},
	Title = {{Generating Summary Keywords for Emails Using Topics}},
	Year = {2008}}

@inproceedings{Yi08,
	Address = {New York, NY, USA},
	Author = {Yi, Xing and Allan, James},
	Booktitle = {Proceeding of the 17th ACM conference on Information and knowledge management},
	Location = {Napa Valley, California, USA},
	Pages = {1431--1432},
	Publisher = {ACM},
	Series = {CIKM '08},
	Title = {Evaluating topic models for information retrieval},
	Year = {2008}}

@inproceedings{Sanda05,
	Address = {Salvador, Brazil},
	Author = {Harabagiu, S. and Lacatusu, F.},
	Booktitle = {Proceedings of the 28th annual international ACM SIGIR conference on Research and development in information retrieval},
	Pages = {202--209},
	Publisher = {ACM},
	Title = {{Topic Themes for Multi-document Summarization}},
	Year = {2005}}

@inbook{Allan02,
	Address = {Norwell, MA, USA},
	Author = {Allan, J.},
	Pages = {1--16},
	Publisher = {Kluwer Academic Publishers},
	Title = {{Topic Detection and Tracking: Event-based Information Organization}},
	Year = {2002}}

@inproceedings{Dias07,
	Address = {Vancouver, BC, Canada},
	Author = {Dias, G. and Alves, E. and Lopes, J. G. P.},
	Booktitle = {Proceedings of the 22nd national conference on Artificial intelligence - Volume 2},
	Pages = {1334--1339},
	Publisher = {AAAI},
	Title = {{Topic Segmentation Algorithms for Text Summarization and Passage Retrieval: an Exhaustive Evaluation}},
	Year = {2007}}

@inproceedings{David09,
	Address = {Montreal, Quebec, Canada},
	Author = {Andrzejewski, David and Zhu, Xiaojin and Craven, Mark},
	Booktitle = {Proceedings of the 26th Annual International Conference on Machine Learning},
	Pages = {25--32},
	Publisher = {ACM},
	Series = {ICML '09},
	Title = {{Incorporating Domain Knowledge into Topic Modeling via Dirichlet Forest Priors}},
	Year = {2009}
}

@techreport{Minka99,
	Institution = {Justsystem Pittsburgh Research Center},
	Author = {T. Minka},
	Title = {{The Dirichlet-tree Distribution}},
	Url = {http://research.microsoft.com/~minka/papers/dirichlet/minkadirtree. pdf},
	Year = {1999},
	Bdsk-Url-1 = {http://research.microsoft.com/~minka/papers/dirichlet/minkadirtree.%20pdf}}

@inproceedings{Carenini05,
	Author = {Carenini, Giuseppe and Ng, Raymond T. and Zhou, Xiaodong},
	Booktitle = {KDD '05: Proceedings of the eleventh ACM SIGKDD international conference on Knowledge discovery in data mining},
	Address = {Chicago, Illinois, USA},
	Pages = {544--549},
	Publisher = {ACM},
	Title = {Scalable discovery of hidden emails from large folders},
	Year = {2005},
}

@inproceedings{Chen09,
	Address = {Morristown, NJ, USA},
	Author = {Chen, Harr and Branavan, S. R. K. and Barzilay, Regina and Karger, David R.},
	Booktitle = {NAACL'09},
	Location = {Boulder, Colorado},
	Pages = {371--379},
	Publisher = {ACL},
	Title = {Global models of document structure using latent permutations},
	Year = {2009}}

@inbook{Griffiths07,
	Author = {M. Steyvers and T. Griffiths},
	Chapter = {{Probabilistic Topic Models}},
	Publisher = {Laurence Erlbaum},
	Title = {{Latent Semantic Analysis: A Road to Meaning}},
	Year = {2007}
}	

@article{Sporleder06seg,
	Author = {Caroline Sporleder and Mirella Lapata},
	Journal = {ACM Transactions in Speech and Language Processing},
	Title = {Broad Coverage Paragraph Segmentation across Languages and Domains},
	Year = {2006}}

@inproceedings{Sundheim92,
	Author = {Sundheim, Beth M.},
	Booktitle = {Proceedings of the 4th conference on Message understanding},
	Isbn = {1-55860-273-9},
	Location = {McLean, Virginia},
	Pages = {3--21},
	Publisher = {ACL},
	Series = {MUC4 '92},
	Title = {Overview of the fourth message understanding evaluation and conference},
	Year = {1992}}

@inproceedings{Kleinbauer07,
	Address = {Stroudsburg, PA, USA},
	Author = {Kleinbauer, T. and Becker, S. and Becker, T.},
	Booktitle = {Proceedings of the Eleventh European Workshop on Natural Language Generation},
	Location = {Germany},
	Pages = {151--154},
	Publisher = {ACL},
	Series = {ENLG'07},
	Title = {{Combining Multiple Information Layers for the Automatic Generation of Indicative Meeting Abstracts}},
	Year = {2007}}

@inproceedings{Shama11,
	Author = {Shama Rashid and Giuseppe Carenini},
	Booktitle = {Visual Interfaces to the Social and Semantic Web (VISSW 2011) Workshop},
	Location = {USA},
	Title = {An Ontology-based Visual Interface for Browsing and Summarizing Conversations},
	Year = {2011}}

@inproceedings{Marcu06,
	Address = {Morristown, NJ, USA},
	Author = {Soricut, Radu and Marcu, Daniel},
	Booktitle = {Proceedings of the COLING/ACL on Main conference poster sessions},
	Location = {Sydney, Australia},
	Pages = {803--810},
	Publisher = {ACL},
	Title = {Discourse generation using utility-trained coherence models},
	Year = {2006}}

@inproceedings{Rajesh09,
	Author = {R. Ranganath and D. Jurafsky and D. Mcfarland},
	Booktitle = {Proceedings of the 2009 Conference on Empirical Methods in Natural Language Processing},
	series = {EMNLP'09},
	pages = {334--342},
	address = {Singapore},
	Title = {{It's Not You, it's Me: Detecting Flirting and its Misperception in Speed-Dates}},
	publisher = {ACL},
	Year = {2009}
}

@inproceedings{Rambow04,
	Author = {Rambow, Owen and Shrestha, Lokesh and Chen, John and Lauridsen, Chirsty},
	Booktitle = {Proceedings of the Human Language Technology Conference of the North American Chapter of the Association for Computational Linguistics},
	Location = {Boston, Massachusetts},
	Pages = {105--108},
	Publisher = {ACL},
	Series = {HLT-NAACL-Short '04},
	Title = {{Summarizing Email Threads}},
	Year = {2004}}

@inproceedings{Zhu06,
	Author = {Xiaodan Zhu and Gerald Penn},
	Booktitle = {Proceedings of INTERSPEECH 2006- ICSLP},
	Location = {Pittsburgh, USA},
	Pages = {1531--1534},
	Title = {Summarization of Spontaneous Conversations},
	Year = {2006}}

@inproceedings{Rastkar10,
	Author = {Rastkar, Sarah and Murphy, Gail C. and Murray, Gabriel},
	Booktitle = {Proceedings of the 32nd ACM/IEEE International Conference on Software Engineering - Volume 1},
	Location = {Cape Town, South Africa},
	Pages = {505--514},
	Publisher = {ACM},
	Series = {ICSE '10},
	Title = {Summarizing software artifacts: a case study of bug reports},
	Year = {2010}}

@inproceedings{Carenini08,
	Address = {OH},
	Author = {Carenini, G. and Ng, R. T. and Zhou, X.},
	Booktitle = {Proceedings of the 46th Annual Meeting of the Association for Computational Linguistics: Human Language Technologies},
	Pages = {353--361},
	Publisher = {ACL},
	Series = {ACL-HLT'08},
	Title = {{Summarizing Emails with Conversational Cohesion and Subjectivity}},
	Year = {2008}}

@inproceedings{Neill03,
	Address = {New York, NY, USA},
	Author = {O'Neill, Jacki and Martin, David},
	Booktitle = {GROUP '03: Proceedings of the 2003 international ACM SIGGROUP conference on Supporting group work},
	Location = {Sanibel Island, Florida, USA},
	Pages = {40--49},
	Publisher = {ACM},
	Title = {Text chat in action},
	Year = {2003}}

@inproceedings{Carenini07,
	Address = {Banff, Canada},
	Author = {Carenini, G. and Ng, R. T. and Zhou, X.},
	Booktitle = {Proceedings of the 16th international conference on World Wide Web},
	Pages = {91--100},
	Publisher = {ACM},
	Series = {WWW'07},
	Title = {{Summarizing Email Conversations with Clue Words}},
	Year = {2007}}

@inproceedings{Zhao11b,
	Author = {Zhao, Wayne Xin and Jiang, Jing and Weng, Jianshu and He, Jing and Lim, Ee-Peng and Yan, Hongfei and Li, Xiaoming},
	Booktitle = {Proceedings of the 33rd European conference on Advances in information retrieval},
	Address = {Dublin, Ireland},
	Numpages = {12},
	Pages = {338--349},
	Publisher = {Springer-Verlag},
	Series = {ECIR'11},
	Title = {{Comparing Twitter and Traditional Media using Topic Models}},
	Year = {2011},
}

@inproceedings{Zhao11a,
	Author = {Zhao, Wayne Xin and Jiang, Jing and He, Jing and Song, Yang and Achananuparp, Palakorn and Lim, Ee-Peng and Li, Xiaoming},
	Booktitle = {Proceedings of the 49th Annual Meeting of the Association for Computational Linguistics: Human Language Technologies - Volume 1},
	Address = {Portland, Oregon},
	Pages = {379--388},
	Publisher = {ACL},
	Series = {HLT '11},
	Title = {{Topical Keyphrase Extraction from Twitter}},
	Year = {2011},
}

@inproceedings{Zhou07,
	Address = {Washington, DC, USA},
	Author = {Zhou, Ding and Orshanskiy, Sergey A. and Zha, Hongyuan and Giles, C. Lee},
	Booktitle = {Proceedings of the 2007 Seventh IEEE International Conference on Data Mining},
	Pages = {739--744},
	Publisher = {IEEE Computer Society},
	Series = {ICDM '07},
	Title = {{Co-ranking Authors and Documents in a Heterogeneous Network}},
	Year = {2007}}

@techreport{Dhillon04,
	Author = {Dhillon, R. and Bhagat, S. and Carvey, H. and Shriberg, E.},
	Institution = {ICSI Tech. Report},
	Keywords = {corpora},
	Posted-At = {2009-02-24 16:28:06},
	Priority = {2},
	Title = {{Meeting Recorder Project: Dialog Act Labeling Guide}},
	Url = {http://www.icsi.berkeley.edu/ftp/global/pub/speech/papers/MRDA-manual.pdf},
	Year = {2004},
	Bdsk-Url-1 = {http://www.icsi.berkeley.edu/ftp/global/pub/speech/papers/MRDA-manual.pdf}}

@inproceedings{McKeown04,
	Address = {Morristown, NJ, USA},
	Author = {Shrestha, Lokesh and McKeown, Kathleen},
	Booktitle = {Proceedings of the 20th international conference on Computational Linguistics},
	series = {COLING '04},
	Location = {Geneva, Switzerland},
	Publisher = {ACL},
	Title = {{Detection of Question-Answer Pairs in Email Conversations}},
	Year = {2004}}

@inproceedings{Iyad07,
	Author = {Iyad Rahwan and Fouad Zablith and Chris Reed},
	Booktitle = {AAAI},
	Pages = {1446--1451},
	Title = {Towards Large Scale Argumentation Support on the Semantic Web},
	Year = {2007}}

@inproceedings{Sporleder04,
	Author = {Caroline Sporleder and Mirella Lapata},
	Booktitle = {Proceedings of the 2004 Conference on Empirical Methods in Natural Language Processing},
	Pages = {72--79},
	Series = {EMNLP '04},
  Address   = {Barcelona, Spain},
	Title = {{Automatic Paragraph Identification: A Study across Languages and Domains}},
	Year = {2004}}

@inproceedings{Pei06,
	Address = {Trento, Italy},
	Author = {Pei Hsueh and Johanna D. Moore and Steve Renals},
	Booktitle = {the Proceedings of the 11th Conference of the European Chapter of the Association for Computational Linguistics},
	Publisher = {ACL},
	Series = {EACL'06},
	Title = {{Automatic Segmentation of Multiparty Dialogue}},
	Year = {2006}}

@inproceedings{Purver06,
	Address = {Sydney, Australia},
	Author = {Purver, Matthew and Kording, Konrad P. and Griffiths, Thomas L. and Tenenbaum, Joshua B.},
	Booktitle = {Proceedings of the 21st International Conference on Computational Linguistics and the 44th annual meeting of the Association for Computational Linguistics},
	series = {COLING-ACL'06},
	Pages = {17--24},
	Publisher = {ACL},
	Title = {{Unsupervised Topic Modelling for Multi-Party Spoken Discourse}},
	Year = {2006}}

@inproceedings{Malioutov06,
	Address = {Sydney, Australia},
	Author = {Malioutov, Igor and Barzilay, Regina},
	Booktitle = {Proceedings of the 21st International Conference on Computational Linguistics and the 44th annual meeting of the Association for Computational Linguistics},
	Pages = {25--32},
	Publisher = {ACL},
	Series = {COLING-ACL'06},
	Title = {{Minimum Cut Model for Spoken Lecture Segmentation}},
	Year = {2006}
}

@inproceedings{Carolyn95,
 author = {Ros{\'e}, Carolyn Penstein and Di Eugenio, Barbara and Levin, Lori S. and Van Ess-Dykema, Carol},
 title = {Discourse processing of dialogues with multiple threads},
 booktitle = {Proceedings of the 33rd annual meeting on Association for Computational Linguistics},
 series = {ACL '95},
 year = {1995},
 location = {Cambridge, Massachusetts},
 pages = {31--38},
 numpages = {8},
 url = {http://dx.doi.org/10.3115/981658.981663},
 doi = {10.3115/981658.981663},
 acmid = {981663},
 publisher = {ACL},
 address = {Stroudsburg, PA, USA},
} 

@inproceedings{Barzilay05ACL,
 author = {Barzilay, Regina and Lapata, Mirella},
 title = {Modeling local coherence: an entity-based approach},
 booktitle = {Proceedings of the 43rd Annual Meeting on Association for Computational Linguistics},
 series = {ACL '05},
 year = {2005},
 address = {Ann Arbor, Michigan},
 pages = {141--148},
 publisher = {ACL},
} 

@inproceedings{Karo09,
	Author = {Karolina Owczarzak},
	Booktitle = {Proceedings of the 47th Annual Meeting of the ACL and IJCNLP},
	Location = {Singapore},
	Publisher = {ACL},
	Title = {{DEPEVAL(summ): Dependency-based Evaluation for Automatic Summaries}},
	Year = 2009}

@inproceedings{Huerta08,
	Author = {Juan M. Huerta},
	Booktitle = {Proceedings of the ACL-2008},
	Location = {Columbus, OH},
	Publisher = {ACL},
	Title = {{Relative Rank Statistics for Dialog Analysis}},
	Year = 2008}

@inproceedings{Galley03,
	Address = {Sapporo, Japan},
	Author = {Galley, Michel and McKeown, Kathleen and Fosler-Lussier, Eric and Jing, Hongyan},
	Booktitle = {Proceedings of the 41st Annual Meeting on Association for Computational Linguistics - Volume 1},
	Pages = {562--569},
	Publisher = {ACL},
	Series = {ACL '03},
	Title = {{Discourse Segmentation of Multi-party Conversation}},
	Year = {2003}}

@inproceedings{Acar05,
	Author = {Evrim Acar and Seyit Ahmet Camtepe and Mukkai S. Krishnamoorthy and Blent Yener},
	Booktitle = {Proceedings of IEEE Int. Conf. on Intelligence and Security Informatics},
	Pages = {256--268},
	Publisher = {Lecture Notes in Computer Science, Vol. 3495},
	Title = {{Modeling and multiway analysis of chatroom tensors}},
	Year = 2005}

@inproceedings{Aoki03,
	Author = {Paul M. Aoki and Matthew Romaine and Margaret H. Szymanski and James D. Thornton and Daniel Wilson and Allison Woodruff},
	Booktitle = {CHI �03: Proceedings of the SIGCHI conference on Human factors in computing systems},
	Location = {NY, USA},
	Pages = {425--432},
	Publisher = {ACM Press},
	Title = {{The mad hatter�s cocktail party: a social mobile audio space supporting multiple simultaneous conversations}},
	Year = 2003}

@inproceedings{Aoki06,
	Address = {Banff, Canada},
	Author = {Aoki, Paul M. and Szymanski, Margaret H. and Plurkowski, Luke D. and Thornton, James D. and Woodruff, Allison and Yi, Weilie},
	Booktitle = {CSCW '06},
	Pages = {393--402},
	Publisher = {ACM},
	Title = {Where's the "party" in "multi-party"?: analyzing the structure of small-group sociable talk},
	Year = {2006}}

@inproceedings{Camtepe05,
	Author = {Seyit Ahmet Camtepe and Mark K. Goldberg and Malik Magdon-Ismail and Mukkai Krishnamoorty},
	Booktitle = {IADIS},
	Location = {AC},
	Pages = {89--96},
	Title = {{Detecting conversing groups of chatters: a model, algorithms, and tests}},
	Year = 2005}

@inproceedings{Micha08,
	Address = {OH},
	Author = {Elsner, Micha and Charniak, Eugene},
	Booktitle = {ACL'08},
	Pages = {834--842},
	Publisher = {ACL},
	Title = {You Talking to Me? A Corpus and Algorithm for Conversation Disentanglement},
	Year = {2008}}

@inproceedings{Griffiths03,
	Author = {Thomas L. Griffiths and Mark Steyvers},
	Booktitle = {Advances in Neural Information Processing Systems},
	Publisher = {MIT Press},
	Title = {Prediction and Semantic Association},
	Year = {2003}}


@inproceedings{Graber08,
	Author = {Jordan Boyd-Graber and David M. Blei},
	Booktitle = {Neural Information Processing Systems},
	Series = {NIPS'08},
	Year = {2008},
	Location = {Vancouver, British Columbia},
	Title = {{Syntactic Topic Models}}
}	
	
@inproceedings{Wallach06,
	Address = {Pittsburgh, Pennsylvania},
	Author = {Wallach, Hanna M.},
	Booktitle = {Proceedings of the 23rd international conference on Machine learning},
	Pages = {977--984},
	Publisher = {ACM},
	Series = {ICML '06},
	Title = {{Topic Modeling: Beyond Bag-of-Words}},
	Year = {2006},
}

@inproceedings{Ros{\'e}n04,
	Address = {VA, USA},
	Author = {Rosen-Zvi, Michal and Griffiths, Thomas and Steyvers, Mark and Smyth, Padhraic},
	Booktitle = {Proceedings of the 20th conference on UAI},
	Pages = {487--494},
	Publisher = {AUAI Press},
	Title = {The author-topic model for authors and documents},
	Year = {2004}}

@inproceedings{Griffiths05,
	Author = {Thomas L. Griffiths and Mark Steyvers and David M. Blei and Joshua B. Tenenbaum},
	Booktitle = {Advances in Neural Information Processing Systems},
	Pages = {537--544},
	Publisher = {MIT Press},
	Series = {NIPS'05},
	Title = {Integrating Topics and Syntax},
	Year = {2005}}

@inproceedings{Banerjee07,
 author = {Banerjee, Satanjeev and Rudnicky, Alexander I.},
 title = {Segmenting meetings into agenda items by extracting implicit supervision from human note-taking},
 booktitle = {Proceedings of the 12th international conference on Intelligent user interfaces},
 series = {IUI '07},
 year = {2007},
 address = {Honolulu, Hawaii, USA},
 pages = {151--159},
 publisher = {ACM},
} 
	
	
@inproceedings{Janin03,
	Author = {Adam Janin and Don Baron and Jane Edwards and Dan Ellis and David Gelbart and Nelson Morgan and Barbara Peskin and Thilo Pfau and Elizabeth Shriberg and Andreas Stolcke and Chuck Wooters},
	Booktitle = {Proceedings of IEEE International Conference on Acoustics, Speech, and Signal Processing (ICASSP-03)},
	Pages = {364--367},
	Title = {{The ICSI Meeting Corpus}},
	Year = {2003}}

@inproceedings{Georgescul08,
	Address = {Hyderabad, India},
	Author = {M. Georgescul and A. Clark and S. Armstrong},
	Booktitle = {Proceedings of the 3rd International Joint Conference on Natural Language Processing (IJCNLP)},
	Month = {January},
	Pages = {925--930},
	Title = {A Comparative Study of Mixture Models for Automatic Topic Segmentation of Multiparty Dialogues},
	Year = {2008}}
	
@incollection{Traum04,
	year={2004},
	booktitle={Advances in Agent Communication},
	volume={2922},
	series={Lecture Notes in Computer Science},
	editor={Dignum, Frank},
	title={Issues in Multiparty Dialogues},
	publisher={Springer Berlin Heidelberg},
	author={Traum, D.},
	pages={201--211}
}	

@inproceedings{Crook09,
 author = {Crook, Nigel and Granell, Ramon and Pulman, Stephen},
 title = {Unsupervised classification of dialogue acts using a dirichlet process mixture model},
 booktitle = {Proceedings of the SIGDIAL 2009 Conference: The 10th Annual Meeting of the Special Interest Group on Discourse and Dialogue},
 series = {SIGDIAL '09},
 year = {2009},
 address = {London, United Kingdom},
 pages = {341--348},
 numpages = {8},
 publisher = {ACL},
} 

@article{Traum92,
	Author = {David R. Traum and Elizabeth A. Hinkelman},
	Issn = {3},
	Journal = {Computational Intelligence},
	Pages = {575--599},
	Title = {Conversation Acts in Task-Oriented Spoken Dialogue},
	Volume = {8},
	Year = {1992}}

@article{Shi00,
	Address = {Washington, DC, USA},
	Author = {Shi, Jianbo and Malik, Jitendra},
	Issn = {0162--8828},
	Journal = {IEEE Transactions on Pattern Analysis and Machine Intelligence},
	Number = {8},
	Pages = {888--905},
	Publisher = {IEEE Computer Society},
	Title = {{Normalized Cuts and Image Segmentation}},
	Volume = {22},
	Year = {2000}}

@article{Lascarides09,
	Author = {Alex Lascarides and Nicholas Asher},
	Journal = {Journal of Semantics},
	Pages = {109--158},
	Title = {Agreement, Disputes and Commitments in Dialogue},
	Volume = {26},
	Year = {2009}}

@inproceedings{Sasha07,
	Author = {Sasha Blair--Goldensohn and Kathleen McKeown and Owen Rambow},
	Booktitle = {Proceedings of the Human Language Technologies: The Annual Conference of the North American Chapter of the Association for Computational Linguistics},
	Series = {HLT-NAACL'07},
	Pages = {428--435},
	Publisher = {ACL},
	Title = {{Building and Refining Rhetorical-Semantic Relation Models}},
	Year = {2007}}

@inproceedings{Jan08,
	Author = {J. Ulrich and G. Murray and G. Carenini},
	Booktitle = {EMAIL-2008 Workshop},
	Pages = {428--435},
	Publisher = {AAAI},
	Title = {{A Publicly Available Annotated Corpus for Supervised Email Summarization}},
	Year = {2008}}

@inproceedings{Jason05,
	Address = {Ann Arbor, Michigan},
	Author = {Baldridge, Jason and Lascarides, Alex},
	Booktitle = {Proceedings of the Ninth Conference on Computational Natural Language Learning (CoNLL-2005)},
	Month = {June},
	Pages = {96--103},
	Publisher = {ACL},
	Title = {Probabilistic Head-Driven Parsing for Discourse Structure},
	Year = {2005}}

@article{Jason07,
	Author = {Jason Baldridge and Nicholas Asher and Julie Hunter},
	Journal = {Zeitschrift fur Sprachwissenschaft},
	Month = {June},
	Pages = {213--239},
	Title = {Annotation for and Robust Parsing of Discourse Structure on Unrestricted Texts},
	Volume = {26},
	Year = {2007}}

@inproceedings{Songfang08,
	Address = {Berlin, Heidelberg},
	Author = {Huang, Songfang and Renals, Steve},
	Booktitle = {MLMI '08: Proceedings of the 5th international workshop on Machine Learning for Multimodal Interaction},
	Isbn = {978-3-540-85852-2},
	Location = {Utrecht, The Netherlands},
	Pages = {214--225},
	Publisher = {Springer-Verlag},
	Title = {Modeling Topic and Role Information in Meetings Using the Hierarchical Dirichlet Process},
	Year = {2008}}

@article{Hobbs79,
	Author = {Jerry Hobbs},
	Issn = {1},
	Journal = {Cognitive Science},
	Pages = {67--90},
	Title = {Coherence and Coreference},
	Volume = {3},
	Year = {1979}}


@article{Knott94,
	Author = {Knott, Alistair and Robert Dale},
	Journal = {Discourse Processes},
	Pages = {35--62},
	Title = {Using Linguistic Phenomena to Motivate a Set of Coherence Relations},
	Volume = {18},
	Year = {1994}}

 
@inproceedings{Wu02a,
	Author = {Tianhao Wu and Faisal M. Khan and Todd A. Fisher and Lori A. Shuler and William M. Pottenger},
	Booktitle = {Proceedings of the Workshop on Foundations of Data Mining and Discovery, IEEE International Conference on Data Mining},
	Title = {{Posting Act Tagging Using Transformation-Based Learning}},
	Year = {2002}}

@inproceedings{Cohen04,
	Author = {William W. Cohen and Vitor R. Carvalho and Tom M. Mitchell},
	Booktitle = {Proceedings of the 2004 Conference on Empirical Methods in Natural Language Processing},
	Series = {EMNLP'04},
	Pages = {309--316},
	Title = {{Learning to Classify Email into ``Speech Acts''}},
	Year = {2004}}

@inproceedings{Carvalho05,
	Address = {New York, NY, USA},
	Author = {Carvalho, Vitor R. and Cohen, William W.},
	Booktitle = {Proceedings of the 28th annual international ACM SIGIR conference on Research and development in information retrieval},
	Series = {SIGIR '05},
	Pages = {345--352},
	Publisher = {ACM},
	Title = {{On the Collective Classification of Email "Speech Acts"}},
	Year = {2005}}

@inproceedings{Freund99,
	Author = {Yoav Freund and Robert E. Schapire},
	Booktitle = {In Proceedings of the Sixteenth International Joint Conference on Artificial Intelligence},
	Pages = {1401--1406},
	Publisher = {Morgan Kaufmann},
	Title = {A Short Introduction to Boosting},
	Year = {1999}}

@inproceedings{Carvalho06,
	Author = {Carvalho, Vitor R. and Cohen, William W.},
	Booktitle = {Proceedings of the HLT-NAACL 2006 Workshop on Analyzing Conversations in Text and Speech},
	Location = {New York City, New York},
	Pages = {35--41},
	Publisher = {ACL},
	Series = {ACTS '09},
	Title = {{Improving ``Email Speech Acts'' Analysis via N-gram Selection}},
	Year = {2006}}

@article{Austin62,
	Author = {J. L. Austin},
	Journal = {Harvard University Press},
	Title = {How to Do Things with Words},
	Year = {1962}}

@inproceedings{Christoph03,
	Author = {Michael Strube and Christoph M{\"u}ller},
	Bibsource = {DBLP, http://dblp.uni-trier.de},
	Booktitle = {ACL},
	Ee = {http://acl.ldc.upenn.edu/acl2003/main/pdfs/Strube.pdf},
	Pages = {168--175},
	Title = {A Machine Learning Approach to Pronoun Resolution in Spoken Dialogue},
	Year = {2003}}

@inproceedings{Choi00,
	Address = {San Francisco, CA, USA},
	Author = {Choi, Freddy Y. Y.},
	Booktitle = {Proceedings of the 1st North American chapter of the Association for Computational Linguistics conference},
	Location = {Seattle, Washington},
	Pages = {26--33},
	Publisher = {Morgan Kaufmann Publishers Inc.},
	Title = {Advances in domain independent linear text segmentation},
	Year = {2000}}

@article{Kawahara04,
	Author = {Tatsuya Kawahara and Masahiro Hasegawa and Kazuya Shitaoka and Tasuku Kitade and Hiroaki Nanjo},
	Issn = {4},
	Journal = {IEEE TRANSACTIONS ON SPEECH AND AUDIO PROCESSING},
	Title = {Automatic Indexing of Lecture Presentations Using Unsupervised Learning of Presumed Discourse Markers},
	Volume = {12},
	Year = {2004}}

@article{Sporleder08a,
	Author = {Caroline Sporleder},
	Journal = {JLCL},
	Number = {2},
	Pages = {20--33},
	Title = {{Lexical Models to Identify Unmarked Discourse Relations: Does WordNet help?}},
	Volume = {24},
	Year = {2008}}

@article{Sporleder07,
	Author = {Caroline Sporleder},
	Journal = {LDV Forum},
	Number = {1},
	Pages = {1--20},
	Title = {{Manually vs. Automatically Labelled Data in Discourse Relation Classification. Effects of Example and Feature Selection}},
	Volume = {22},
	Year = {2007}}

@article{Sporleder08b,
	Address = {New York, NY, USA},
	Author = {Sporleder, Caroline and Lascarides, Alex},
	Issn = {1351--3249},
	Journal = {Natural Language Engineering},
	Number = {3},
	Pages = {369--416},
	Publisher = {Cambridge University Press},
	Title = {{Using Automatically Labelled Examples to Classify Rhetorical Relations: An Assessment}},
	Volume = {14},
	Year = {2008}
}

@inproceedings{Yang09,
	Author = {Yang, Hui and Callan, Jamie},
	Booktitle = {Proceedings of the Joint Conference of the 47th Annual Meeting of the ACL and the 4th International Joint Conference on Natural Language Processing of the AFNLP: Volume 1 - Volume 1},
	Location = {Suntec, Singapore},
	Pages = {271--279},
	Publisher = {ACL},
	Series = {ACL '09},
	Title = {A metric-based framework for automatic taxonomy induction},
	Year = {2009}}

@article{Lapata06,
	Author = {Maria Lapata and Alex Lascarides},
	Journal = {J. Artif. Intell. Res. (JAIR)},
	Pages = {85--117},
	Title = {Learning Sentence-internal Temporal Relations},
	Volume = {27},
	Year = {2006}}

@inproceedings{Marcu02,
	Author = {Marcu, Daniel and Echihabi, Abdessamad},
	Booktitle = {Proceedings of the 40th Annual Meeting on Association for Computational Linguistics},
	series = {ACL'02},
	Location = {Philadelphia, Pennsylvania},
	Pages = {368--375},
	Publisher = {ACL},
	Title = {{An Unsupervised Approach to Recognizing Discourse Relations}},
	Year = {2002}}

@inproceedings{Beeferman99,
	Author = {Doug Beeferman and Adam Berger and John Lafferty},
	Booktitle = {Machine Learning},
	Issn = {0885--6125},
	Issue_Date = {Feb. 1999},
	Month = feb,
	Pages = {177--210},
	Publisher = {Kluwer Academic Publishers},
	Title = {{Statistical Models for Text Segmentation}},
	Volume = {34},
	Year = {1999},
}

@inproceedings{Choi01,
	Address = {Pittsburgh, USA},
	Author = {Freddy Y. Y. Choi and Peter Wiemer Hastings and Johanna Moore},
	Booktitle = {Proceedings of the 2001 Conference on Empirical Methods in Natural Language Processing},
	Pages = {109--117},
	Publisher = {ACL},
	Series = {EMNLP'01},
	Title = {{Latent Semantic Analysis for Text Segmentation}},
	Year = {2001}}

@article{Hearst97,
	Author = {Hearst, Marti A.},
	Issn = {0891--2017},
	Journal = {Computational Linguistics},
	Month = {March},
	Number = {1},
	Pages = {33--64},
	Publisher = {MIT Press},
	Title = {{TextTiling: Segmenting Text into Multi-paragraph Subtopic Passages}},
	Volume = {23},
	Year = {1997}}

@article{Pevzner02,
	Address = {Cambridge, MA, USA},
	Author = {Pevzner, Lev and Hearst, Marti A.},
	Issn = {0891--2017},
	Issue_Date = {March 2002},
	Journal = {Computational Linguistics},
	Month = mar,
	Number = {1},
	Numpages = {18},
	Pages = {19--36},
	Publisher = {MIT Press},
	Title = {{A Critique and Improvement of an Evaluation Metric for Text Segmentation}},
	Volume = {28},
	Year = {2002},
}

@inproceedings{Feng06,
 author = {Feng, Donghui and Kim, Jihie and Shaw, Erin and Hovy, Eduard},
 title = {Towards modeling threaded discussions using induced ontology knowledge},
 booktitle = {proceedings of the 21st national conference on Artificial intelligence - Volume 2},
 series = {AAAI'06},
 year = {2006},
 isbn = {978-1-57735-281-5},
 location = {Boston, Massachusetts},
 pages = {1289--1294},
 numpages = {6},
 url = {http://dl.acm.org/citation.cfm?id=1597348.1597393},
 acmid = {1597393},
 publisher = {AAAI Press},
} 



@inproceedings{Yang05,
	Address = {Morristown, NJ, USA},
	Author = {Yang, Xiaofeng and Su, Jian and Tan, Chew Lim},
	Booktitle = {ACL '05: Proceedings of the 43rd Annual Meeting on Association for Computational Linguistics},
	Doi = {http://dx.doi.org/10.3115/1219840.1219861},
	Location = {Ann Arbor, Michigan},
	Pages = {165--172},
	Publisher = {ACL},
	Title = {Improving pronoun resolution using statistics-based semantic compatibility information},
	Year = {2005},
	Bdsk-Url-1 = {http://dx.doi.org/10.3115/1219840.1219861}}

@article{Eckert00,
	Author = {Miriam Eckert and Michael Strube},
	Journal = {Journal of Semantics},
	Pages = {51--89},
	Title = {Dialogue Acts, Synchronising Units and Anaphora Resolution},
	Volume = {17},
	Year = {2000}}

@inproceedings{Eisenstein08,
	Address = {Honolulu, Hawaii},
	Author = {Eisenstein, Jacob and Barzilay, Regina},
	Booktitle = {Proceedings of the Conference on Empirical Methods in Natural Language Processing},
	Pages = {334--343},
	Publisher = {ACL},
	Series = {EMNLP '08},
	Title = {{Bayesian Unsupervised Topic Segmentation}},
	Year = {2008},
}

@incollection{Purver11,
	Annote = {ISBN 978-0-470-68824-3},
	Author = {Purver, Matthew},
	Booktitle = {Spoken Language Understanding: Systems for Extracting Semantic Information from Speech},
	Editor = {Tur, G. and de Mori, R.},
	Isbn = {978-0-470-68824-3},
	Pages = {291--317},
	Publisher = {Wiley},
	Title = {{Topic Segmentation}},
	Year = 2011
}

@inbook{Searle75,
	Address = {Minneapolis},
	Author = {Searle, John},
	Booktitle = {Minnesota studies in the philosophy of language},
	Citeulike-Article-Id = {1236327},
	Editor = {Gunderson, K.},
	Keywords = {speech\_acts},
	Pages = {334--369},
	Posted-At = {2007-04-19 07:25:20},
	Priority = {2},
	Publisher = {University of Minnesota Press},
	Title = {A taxonomy of illocutionary acts},
	Year = {1975}}

@inproceedings{Tuulos04,
	Address = {Washington, DC, USA},
	Author = {Tuulos, Ville H. and Tirri, Henry},
	Booktitle = {Proceedings of the 2004 IEEE/WIC/ACM International Conference on Web Intelligence},
	Doi = {http://dx.doi.org/10.1109/WI.2004.44},
	Isbn = {0-7695-2100-2},
	Pages = {206--213},
	Publisher = {IEEE Computer Society},
	Title = {Combining Topic Models and Social Networks for Chat Data Mining},
	Year = {2004},
	Bdsk-Url-1 = {http://dx.doi.org/10.1109/WI.2004.44}}

@inproceedings{Sujith07,
	Author = {Sujith Ravi and Jihie Kim},
	Booktitle = {Proceedings of AI in Education Conference},
	series = {AIED'07},
	Title = {{Profiling Student Interactions in Threaded Discussions with Speech Act Classifiers}},
	Year = 2007}

@inproceedings{Raquel08,
	Author = {R. Fernandez and M. Frampton and P. Ehlen and M. Purver and S. Peters},
	Booktitle = {Proceedings of the 9th SIGdialWorkshop on Discourse and Dialogue},
	Location = {Columbus, OH},
	Pages = {156--163},
	Publisher = {ACL},
	Title = {{Modelling and detecting decisions in multi-party dialogue}},
	Year = 2008}

@inproceedings{Christoph07,
	Author = {C. Muller},
	Booktitle = {Proceedings of the ACL},
	Location = {Prague},
	Pages = {816--823},
	Publisher = {ACL},
	Title = {{Resolving it, this, and that in unrestricted multi-party dialog}},
	Year = 2007}

@inproceedings{Forsyth07,
	Author = {Eric N. Forsyth and Craig H. Martell},
	Booktitle = {Proceedings ICSC-2007},
	Pages = {19--26},
	Publisher = {IEEE},
	Title = {{Lexical and Discourse Analysis of Online Chat Dialog}},
	Year = 2007}

@inproceedings{Paige08,
	Author = {Paige H. Adams and Craig H. Martell},
	Booktitle = {Proceedings ICSC-2008},
	Pages = {581--588},
	Publisher = {IEEE},
	Title = {{Topic Detection and Extraction in Chat}},
	Year = 2008}

@inproceedings{Wang08,
	Author = {Yi-Chia Wang and Mahesh Joshi and William Cohen and Carolyn Ros{\'e}},
	Booktitle = {Proceedings of the International AAAI Conference on Weblogs and Social Media},
	Series = {ICWSM'08},
	Publisher = {AAAI},
	Location = {Seattle, WA},
	Title = {{Recovering Implicit Thread Structure in Newsgroup Style Conversations}},
	Year = 2008}

@inproceedings{Wang11,
	Address = {Beijing, China},
	Author = {Wang, Hongning and Wang, Chi and Zhai, ChengXiang and Han, Jiawei},
	Booktitle = {Proceedings of the 34th international ACM SIGIR conference on Research and development in Information Retrieval},
	Pages = {435--444},
	Publisher = {ACM},
	Series = {SIGIR '11},
	Title = {{Learning Online Discussion Structures by Conditional Random Fields}},
	Year = {2011}
}

@InProceedings{Mehdad13,
  author    = {Mehdad, Yashar  and  Carenini, Giuseppe  and  Ng, Raymond T.  and  Joty, Shafiq},
  title     = {Towards Topic Labeling with Phrase Entailment and Aggregation},
  booktitle = {Proceedings of the 2013 Conference of the North American Chapter of the Association for Computational Linguistics: Human Language Technologies},
  month     = {June},
  year      = {2013},
  address   = {Atlanta, Georgia},
  publisher = {ACL},
  pages     = {179--189},
}


@inproceedings{Copeck05,
	Author = {T. Copeck and S. Szpakowicz},
	Booktitle = {Proceedings of DUC-2005},
	Location = {Vancouver},
	Publisher = {NIST},
	Title = {{Leveraging pyramids}},
	Year = 2005}

@inproceedings{Fuentes07,
	Author = {Maria Fuentes and Enrique Alfonseca and Horacio Rodryguez},
	Booktitle = {Proceedings of the ACL 2007 Demo and Poster Sessions},
	Pages = {57--60},
	Title = {{Support Vector Machines for Query-focused Summarization trained and evaluated on Pyramid data}},
	Year = {2007}}

@inproceedings{Kupiec95,
	Author = {Julian Kupiec and Jan Pederson and Francine Chen},
	Booktitle = {Proceedings of the 18th ACM/SIGIR Annual Conference on Research and Development in Information Retrieval,},
	Location = {Seattle},
	Pages = {68�73},
	Title = {{A trainable document summarizer}},
	Year = 1995}

@inproceedings{Cahill04,
	Address = {Barcelona, Spain},
	Author = {Aoife Cahill and Michael Burke and Ruth O�Donovan and Josef van Genabith and Andy Way},
	Booktitle = {Proceedings of the ACL-2004},
	Pages = {320--327},
	Publisher = {ACL},
	Title = {{Longdistance dependency resolution in automatically acquired wide-coverage PCFG-based LFG approximations.}},
	Year = {2004}}

@inproceedings{Hirst97,
	Author = {Graeme Hirst, David St-Onge},
	Booktitle = {Christiane Fellbaum, editor, WordNet: An Electronic Lexical Database and Some of its Applications},
	Pages = {305--332},
	Publisher = {MIT press},
	Title = {{Lexical Chains as Representation of Context for the Detection and Correction of Malapropisms}},
	Year = 1997}
	
@inproceedings{Magdy13,
 author = {Magdy, Walid},
 title = {TweetMogaz: a news portal of tweets},
 booktitle = {Proceedings of the 36th international ACM SIGIR conference on Research and development in information retrieval},
 series = {SIGIR '13},
 year = {2013},
 location = {Dublin, Ireland},
 pages = {1095--1096},
 publisher = {ACM},
} 


@techreport{Page99,
	Author = {Lawrence Page and Sergey Brin and Rajeev Motwani and Terry Winograd},
	Number = {1999-66},
	Institution = {Stanford InfoLab},
	Title = {{The PageRank Citation Ranking: Bringing Order to the Web}},
	Type = {Technical Report},
	Year = {1999}}

@techreport{Vesset10,
	Author = {D. Vesset and B. McDonough and M. Wardley},
	Institution = {Stanford InfoLab},
	Title = {{Worldwide business analytics software 2010-2014 forecast and 2009 vendor shares}},
	Type = {Technical Report, IDC},
	Year = {2010}}

	
	@inproceedings{Hirao021,
	Author = {Tsutomu Hirao and Hideki Isozaki and Eisaku Maeda and Yuji Matsumoto},
	Booktitle = {Proceedings of the 19th International Conference on Computational Linguistics},
	Location = {Taipei, Taiwan},
	Pages = {1--7},
	Title = {Extracting important sentences with support vector machines},
	Year = {2002}}

@inbook{Alex03,
	Author = {Nicholas Asher and Alex Lascarides},
	Publisher = {Cambridge University Press},
	Title = {Logics of Conversation},
	Year = {2003}}

@inbook{Edward06,
	Author = {Carl Edward Rasmussen and Christopher K. I. Williams},
	Publisher = {The MIT Press, ISBN 0-262-18253-X},
	Title = {Gaussian Processes for Machine Learning},
	Year = {2006}}

@inproceedings{Hirao022,
	Author = {Tsutomu Hirao and Yutaka Sasaki and Hideki Isozaki and Eisaku Maeda},
	Booktitle = {Proceedings of the Document Understanding Conference},
	Pages = {104--107},
	Title = {{NTT}'s text summarization system for {DUC}2002},
	Year = {2002}}

@inproceedings{Hirao03,
	Author = {Tsutomu Hirao and Jun Suzuki and Hideki Isozaki and Eisaku Maeda},
	Booktitle = {Proceedings of the Document Understanding Conference},
	Title = {{NTT}'s Multiple Document Summarization System for {DUC}2003},
	Year = {2003}}

@inproceedings{Mani98,
	Address = {Menlo Park, CA, USA},
	Author = {Inderjeet Mani and Eric Bloedorn},
	Booktitle = {AAAI '98/IAAI '98: Proceedings of the fifteenth national/tenth conference on Artificial intelligence/Innovative applications of artificial intelligence},
	Isbn = {0-262-51098-7},
	Location = {Madison, Wisconsin, United States},
	Pages = {820--826},
	Publisher = {American Association for Artificial Intelligence},
	Title = {Machine learning of generic and user-focused summarization},
	Year = {1998}}

@inproceedings{Orasan05,
	Author = {Constantin Orasan},
	Booktitle = {CICLing},
	Pages = {670--681},
	Title = {Automatic Annotation of Corpora for Text Summarization: A Comparative Study},
	Year = {2005}}

@inproceedings{Sanda06,
	Author = {S. Harabagiu and F. Lacatusu and A. Hickl},
	Booktitle = {Proceedings of the 29th annual international ACM SIGIR conference on Research and development in information retrieval},
	Pages = {220 - 227},
	Series = {SIGIN'06},
	Publisher = {ACM},
	Title = {{Answering complex questions with random walk models}},
	Year = 2006}

@inproceedings{Hoa07,
	Address = {Gaithersburg, Maryland},
	Author = {H. T. Dang and D. Kelly and J. Lin},
	Booktitle = {proceedings of the 16th Text REtrieval Conference},
	Publisher = {NIST},
	Title = {{Overview of the TREC 2007 Question Answering Track}},
	Year = 2007}

@inproceedings{Pinchak07,
	Address = {Rochester, New York},
	Author = {C. Pinchak and S. Bergsma},
	Booktitle = {Proceedings of Human Language Technologies and the Conference of the North American Chapter of the Association for Computational Linguistics},
	Pages = {516 - 523},
	Title = {{Automatic Answer Typing for How-Questions}},
	Year = 2007}

@inproceedings{Pinchak06,
	Address = {Trento, Italy},
	Author = {C. Pinchak and D. Lin},
	Booktitle = {Proceedings of the 11th Conference of the European Chapter of the Association for Computational Linguistics},
	Pages = {393 - 400},
	Title = {{A Probabilistic Answer Type Model}},
	Year = 2006}

@inproceedings{Dagan97,
	Address = {Brown University, Providence, Rhode Island},
	Author = {I. Dagan and Y. Karov and D. Roth},
	Booktitle = {Proceedings of the 2nd Conference on Empirical Methods in Natural Language Processing},
	Title = {{Mistake-driven learning in text categorization}},
	Year = 1997}

@inproceedings{Ibrahimov01,
	Address = {New Orleans, LA},
	Author = {O. Ibrahimov and I. Sethi and N. Dimitrova},
	Booktitle = {Proceedings of the Special Interest Group on Information Retrieval Workshop on Information Retrieval Techniques for Speech Applications},
	Pages = {23--35},
	Title = {{Clustering of imperfect transcripts using a novel similarity measure}},
	Year = 2001}

@inproceedings{Lewis96,
	Address = {Zurich, Switzerland},
	Author = {D. Lewis and R. E. Schapire and J.P. Callan and and R. Papka},
	Booktitle = {Proceedings of the 19th International Conference on Research and Development in Information Retrieval, SIGIR},
	Pages = {298--306},
	Title = {{Training algorithms for linear text classifiers}},
	Year = 1996}

@inproceedings{Munoz99,
	Address = {Maryland},
	Author = {M. Munoz and V. Punyakanok and D. Roth and D. Zimak},
	Booktitle = {Proceedings of the joint SIGDAT Conference on Emperical Methods in Natural Language Processing and Very Large Corpora},
	Pages = {168--178},
	Title = {{A learning approach to shallow parsing}},
	Year = 1999}

@inproceedings{Brown91,
	Author = {P. F. Brown and S. D. Pietra and D. Pietra and R. L. Mercer},
	Booktitle = {Proceedings of the 29th Annual Meeting of the Association for Computational Linguistics},
	Pages = {264--270},
	Title = {{Word sense disambiguation using statistical methods}},
	Year = 1991}

@inproceedings{Haruno98,
	Address = {Montreal, Canada},
	Author = {M. Haruno and S. Shirai and Y. Ooyama},
	Booktitle = {Proceedings of the joint 17th International Conference on Computational Linguistics and 36th Annual Meeting of the Association for Computational Linguistics},
	Pages = {505--511},
	Title = {{Using decision trees to contruct a practical parser}},
	Year = 1998}

@inproceedings{Roth98,
	Address = {Montreal, Canada},
	Author = {D. Roth and D. Zelenko},
	Booktitle = {Proceedings of the joint 17th International Conference on Computational Linguistics and 36th Annual Meeting of the Association for Computational Linguistics},
	Pages = {1136--1142},
	Title = {{Part of speech tagging using a network of linear separators}},
	Year = 1998}

@inproceedings{Tanaka96,
	Address = {Copenhagen, Denmark},
	Author = {H. Tanaka},
	Booktitle = {Proceedings of the 16th International Conference on Computational Linguistics},
	Pages = {943--948},
	Title = {{Decision tree learning algorithm with structural attributes: Application to verbal case frame acquisition}},
	Year = 1996}

@inproceedings{Li07,
	Address = {Rochester},
	Author = {J. Li and L. Sun and C. Kit and J. Webster},
	Booktitle = {Proceedings of the Document Understanding Conference},
	Publisher = {NIST},
	Title = {{A Query-Focused Multi-Document Summarizer Based on Lexical Chains}},
	Year = 2007}

@inproceedings{Diego06,
	Author = {D. Molla and S. Wan},
	Booktitle = {Proceedings of the Document Understanding Conference},
	Publisher = {NIST},
	Title = {{Macquarie University at DUC 2006:Question Answering for Summarisation}},
	Year = 2006}

@inproceedings{Prasad07,
	Address = {Rochester},
	Author = {P. Pingali and Rahul K. and V. Varma},
	Booktitle = {Proceedings of the Document Understanding Conference},
	Publisher = {NIST},
	Title = {{IIIT Hyderabad at DUC 2007}},
	Year = 2007}

@inproceedings{Kristina07,
	Address = {Rochester},
	Author = {K. Toutanova and C. Brockett and M. Gamon and J. Jagarlamudi and H. Suzuki and L. Vanderwende},
	Booktitle = {proceedings of DUC-2007},
	Publisher = {NIST},
	Title = {{The PYTHY Summarization System: Microsoft Research at DUC 2007 }},
	Year = 2007}

@inproceedings{Weiss99,
	Author = {S.M. Weiss and C. Apte and F.J. Damerau and D.E. Johnson and F.J. Oles and T. Goetz and T. Hampp},
	Booktitle = {IEEE Intelligent Systems},
	Pages = {63--69},
	Title = {{Maximizing text-mining performance}},
	Year = 1999}

@inbook{John94,
	Author = {J. Hughes},
	Publisher = {Ph.D thesis, School of Computing, University of Leeds},
	Title = {{Automatically Acquiring a Classification of Words}},
	Year = {1994}}

@inbook{Lin07,
	Author = {J. Lin},
	Publisher = {M.S. thesis, Naval Postgraduate School},
	Title = {{Automatic Author Profiling of Online Chat Logs}},
	Year = {2007}}

@inbook{Mirkin05,
	Author = {B. Mirkin},
	Publisher = {Boca Raton F1, Chapman and Hall/CRC},
	Title = {{Clustering for Data Mining: A Data Recovery Approach}},
	Year = {2005}}

@inproceedings{Voo05,
	Address = {Vancouver, Canada},
	Author = {E. M. Voorhees},
	Booktitle = {Proceedings of the Human Language Technology Conference and Conference on Empirical Methods in Natural Language Processing},
	Pages = {299--306},
	Title = {{Using question series to evaluate question answering system effectiveness}},
	Year = {2005}}

@inproceedings{Moschitti07,
	Address = {Prague, Czech Republic},
	Author = {Alessandro Moschitti and Silvia Quarteroni and Roberto Basili and Suresh Manandhar},
	Booktitle = {Proceedings of the ACL-2007},
	Pages = {776--783},
	Title = {{Exploiting Syntactic and Shallow Semantic Kernels for Question/Answer Classificaion}},
	Year = {2007}}

@article{Lodhi02,
	Address = {Cambridge, MA, USA},
	Author = {Huma Lodhi and Craig Saunders and John Shawe-Taylor and Nello Cristianini and Chris Watkins},
	Issn = {1533--7928},
	Journal = {Journal of Machine Learning Research},
	Pages = {419--444},
	Publisher = {MIT Press},
	Title = {Text classification using string kernels},
	Volume = {2},
	Year = {2002}}

@article{Cancedda03,
	Author = {N. Cancedda and E. Gaussier and C. Goutte and J. M. Renders},
	Journal = {Journal of Machine Learning Research (JMLR)},
	Pages = {1059--1082},
	Publisher = {MIT Press},
	Title = {{Word Sequence Kernels}},
	Volume = {3},
	Year = {2003}}

@inproceedings{Hacioglu03,
	Address = {University of Colorado},
	Author = {K. Hacioglu and S. Pradhan and W. Ward and J. H. Martin and D. Jurafsky},
	Booktitle = {Technical Report TR-CSLR-2003-03},
	Title = {{Shallow Semantic Parsing Using Support Vector Machines}},
	Year = {2003}}

@inproceedings{Kingsbury02,
	Address = {Las Palmas, Spain},
	Author = {P. Kingsbury and M. Palmer},
	Booktitle = {Proceedings of the international conference on Language Resources and Evaluation},
	Title = {{From Treebank to PropBank}},
	Year = {2002}}

@inproceedings{Moschitti06,
	Address = {Genoa, Italy},
	Author = {A. Moschitti and R. Basili},
	Booktitle = {Proceedings of the 5th international conference on Language Resources and Evaluation},
	Title = {{A Tree Kernel approach to Question and Answer Classification in Question Answering Systems}},
	Year = {2006}}

@inproceedings{Collins02,
	Author = {Collins, Michael},
	Booktitle = {EMNLP '02},
	Pages = {1--8},
	Publisher = {ACL},
	Title = {Discriminative training methods for hidden Markov models: theory and experiments with perceptron algorithms},
	Year = {2002}}

@inproceedings{Kozareva10,
	Author = {Kozareva, Zornitsa and Hovy, Eduard},
	Booktitle = {EMNLP '10},
	Location = {Cambridge, Massachusetts},
	Pages = {1110--1118},
	Publisher = {ACL},
	Title = {A semi-supervised method to learn and construct taxonomies using the web},
	Year = {2010}}


@article{Collobert11,
 author = {Collobert, Ronan and Weston, Jason and Bottou, L{\'e}on and Karlen, Michael and Kavukcuoglu, Koray and Kuksa, Pavel},
 title = {Natural Language Processing (Almost) from Scratch},
 journal = {Journal of Machine Learning Research},
 issue_date = {2/1/2011},
 volume = {12},
 month = nov,
 year = {2011},
 issn = {1532--4435},
 pages = {2493--2537},
 publisher = {JMLR.org},
} 


@InProceedings{ji-eisenstein:2014:P14-1,
  author    = {Ji, Yangfeng  and  Eisenstein, Jacob},
  title     = {Representation Learning for Text-level Discourse Parsing},
  booktitle = {Proceedings of the 52nd Annual Meeting of the Association for Computational Linguistics (Volume 1: Long Papers)},
  month     = {June},
  year      = {2014},
  address   = {Baltimore, Maryland},
  publisher = {ACL},
  pages     = {13--24},
  url       = {http://www.aclweb.org/anthology/P/P14/P14-1002}
}

@InProceedings{li-li-hovy:2014:EMNLP2014,
  author    = {Li, Jiwei  and  Li, Rumeng  and  Hovy, Eduard},
  title     = {Recursive Deep Models for Discourse Parsing},
  booktitle = {Proceedings of the 2014 Conference on Empirical Methods in Natural Language Processing (EMNLP)},
  month     = {October},
  year      = {2014},
  address   = {Doha, Qatar},
  publisher = {ACL},
  pages     = {2061--2069},
  url       = {http://www.aclweb.org/anthology/D14-1220}
}


@InProceedings{socher-EtAl:2013:EMNLP,
  author    = {Socher, Richard  and  Perelygin, Alex  and  Wu, Jean  and  Chuang, Jason  and  Manning, Christopher D.  and  Ng, Andrew  and  Potts, Christopher},
  title     = {Recursive Deep Models for Semantic Compositionality Over a Sentiment Treebank},
  booktitle = {Proceedings of the 2013 Conference on Empirical Methods in Natural Language Processing},
  month     = {October},
  year      = {2013},
  address   = {Seattle, Washington, USA},
  publisher = {ACL},
  pages     = {1631--1642},
  url       = {http://www.aclweb.org/anthology/D13-1170}
}

@InProceedings{socher-EtAl:2013:ACL2013,
  author    = {Socher, Richard  and  Bauer, John  and  Manning, Christopher D.  and  Andrew Y., Ng},
  title     = {Parsing with Compositional Vector Grammars},
  booktitle = {Proceedings of the 51st Annual Meeting of the Association for Computational Linguistics (Volume 1: Long Papers)},
  month     = {August},
  year      = {2013},
  address   = {Sofia, Bulgaria},
  pages     = {455--465},
  url       = {http://www.aclweb.org/anthology/P13-1045}
}


@INPROCEEDINGS{Moschitti-ECML2006,
  author = {Alessandro Moschitti},
  title = {{Efficient Convolution Kernels for Dependency and Constituent Syntactic
	Trees}},
  booktitle = {17th European Conference on Machine Learning},
  year = {2006},
  pages = {318--329},
  publisher = {Springer}
}

@inproceedings{Collins01,
	Address = {Vancouver, Canada},
	Author = {Michael Collins and Nigel Duffy},
	Booktitle = {Neural Information Processing Systems},
	Series = {NIPS'01},
	Pages = {625--632},
	Title = {{Convolution Kernels for Natural Language}},
	Year = {2001}}

@inproceedings{Charniak99,
	Address = {Brown University, Computer Science Department},
	Author = {Eugene Charniak},
	Booktitle = {Technical Report CS-99-12},
	Title = {{A Maximum-Entropy-Inspired Parser}},
	Year = {1999}}

@inproceedings{Bilmes97,
	Address = {University of Berkeley},
	Author = {J. Bilmes},
	Booktitle = {Technical Report ICSI-TR-97-021},
	Title = {{A Gentle Tutorial on the EM algorithm and its Application to Parameter Estimation for Gaussian Mixture and Hidden Markov Models}},
	Year = {1997}}

@inproceedings{Dell03,
	Address = {Toronto, Canada},
	Author = {A. Zhang and W. Lee},
	Booktitle = {Proceedings of the Special Interest Group on Information Retrieval},
	Pages = {26--32},
	Publisher = {ACM},
	Title = {{Question Classification using Support Vector Machines}},
	Year = {2003}}

@inbook{Russel,
	Author = {S. Russel and P. Norvig},
	Publisher = {Prentice Hall},
	Title = {{Artificial Intelligence A Modern Approach, 2nd Edition}},
	Year = {2003}}

@inbook{PooleBook,
	Author = {David Poole and Alan Mackworth},
	Publisher = {Cambridge University Press},
	Title = {{Artificial Intelligence: Foundations of Computational Agents}},
	Year = {2010}}


@inbook{Mitchell,
	Author = {T. Mitchell},
	Publisher = {McGraw Hill},
	Title = {{Machine Learning}},
	Year = {1997}}

@inbook{Manning,
	Author = {C. D. Manning and H. Schutze},
	Publisher = {The MIT Press},
	Title = {{Foundations of Statistical Natural Language Processing}},
	Year = {2000}}

@inbook{Manning08,
	Author = {C. D. Manning and P. Raghavan and H. Schutze},
	Publisher = {Cambridge University Press},
	Title = {{Introduction to Information Retrieval}},
	Year = {2008}}

@inbook{Kolla04,
	Address = {Department of Computer Science, University of Lethbridge, Canada},
	Author = {M. Kolla},
	Publisher = {M.Sc. Thesis},
	Title = {{Automatic Text Summarization using Lexical Chains: Algorithms and Experiments}},
	Year = 2004}

@inbook{Stephen05,
	Address = {Department of Computer Science, University of Lethbridge, Canada},
	Author = {S. Dubien},
	Publisher = {M.Sc. Thesis},
	Title = {{Question Answering Using Document Tagging and Question Classification}},
	Year = {2005}}

@inbook{Berger01,
	Address = {School of Computer Science, Carnegie Mellon University, Pittsburgh},
	Author = {A. Berger},
	Publisher = {Ph.D. Thesis},
	Title = {{Statistical Machine Learning for Information Retrieval}},
	Year = {2001}}

@inproceedings{Barzilay97,
	Address = {Madrid},
	Author = {Regina Barzilay and Michael Elhadad},  
	Booktitle = {Proceedings of the 35th Annual Meeting of the Association for Computational Linguistics and the 8th European Chapter Meeting of the Association for Computational Linguistics, Workshop on Intelligent Scalable Test Summarization},
	Pages = {10--17},
	Title = {{Using Lexical Chains for Text Summarization}},
	Year = {1997},
	Publisher = {ACL}}

@inbook{Halliday76,
	Address = {London},
	Author = {Michael Halliday and Ruqaiya Hasan},
	Publisher = {Longman},
	Title = {{Cohesion in English}},
	Year = {1976}}

@article{Silber02,
	Author = {Silber, Grogory and McCoy, Kathleen},
	Journal = {Computational Linguistics},
	Pages = {487--496},
	Title = {{Efficiently Computed Lexical Chains As an Intermediate Representation for Automatic Text Summarization}},
	Volume = {28(4)},
	Year = {2002}}

@inproceedings{Ageno04,
	Address = {Gaithersburg, Maryland},
	Author = {A. Ageno and D. Ferres and E. Gonzalez and S. Kanaan and H. Rodriguez and M. Surdeanu and J. Turmo},
	Booktitle = {Proceedings of the 13th Text REtreival Conference},
	Title = {{TALP-QA system at TREC-2004: Structural and Hierarchical Relaxation over Semantic Constraints}},
	Year = {2004}}

@inproceedings{Stephen04,
	Address = {Gaithersburg, Maryland},
	Author = {Y. Chali and S. Dubien},
	Booktitle = {Proceedings of the 13th Text REtreival Conference},
	Title = {{University of Lethbridge�s participation in TREC-2004 QA track}},
	Year = {2004}}

@inproceedings{Moldovan07,
	Address = {Gaithersburg, Maryland},
	Author = {D. Moldovan and C. Clark and M. Bowden},
	Booktitle = {Proceedings of the 16th Text REtreival Conference},
	Title = {{Lymba�s PowerAnswer 4 in TREC 2007}},
	Year = {2007}}

@inproceedings{Milen05,
	Author = {M. Kouylekov and B. Magnini},
	Booktitle = {Proceedings of the PASCAL Challenges Workshop: Recognising Textual Entailment Challenge},
	Entered = {2006-03-10},
	Owner = {swan},
	Title = {Recognizing Textual Entailment with Tree Edit Distance Algorithms},
	Year = {2005}}

@inproceedings{Alan10,
	Address = {LA, California},
	author = {Ritter, Alan and Cherry, Colin and Dolan, Bill},
	booktitle = {Human Language Technologies: The 2010 Annual Conference of the North American Chapter of the Association for Computational Linguistics},
	series = {HLT '10},
	Publisher = {ACL},
	pages = {172--180},
	Title = {{Unsupervised Modeling of Twitter Conversations}},
 	Year = {2010}}
	
@inproceedings{Minwoo09,
	Author = {Jeong, Minwoo and Lin, Chin-Yew and Lee, Gary Geunbae},
	Booktitle = {Proceedings of the 2009 conference on Empirical methods in natural language processing},
	series = {EMNLP'09},
	Location = {Singapore},
	Title = {Semi-supervised speech act recognition in emails and forums},
	Year = {2009}}

@inproceedings{Galley06,
	Address = {Sydney, Australia},
	Author = {Galley, Michel},
	Booktitle = {Proceedings of the 2006 Conference on Empirical Methods in Natural Language Processing},
	Month = {July},
	Pages = {364--372},
	Publisher = {ACL},
	Title = {A Skip-Chain Conditional Random Field for Ranking Meeting Utterances by Importance},
	Year = {2006}}

@inproceedings{McCallum00,
	Author = {McCallum, Andrew and Freitag, Dayne and Pereira, Fernando C. N.},
	Booktitle = {Proceedings of the Seventeenth International Conference on Machine Learning},
	Pages = {591--598},
	Publisher = {Morgan Kaufmann Publishers Inc.},
	Series = {ICML '00},
	Title = {Maximum Entropy Markov Models for Information Extraction and Segmentation},
	Year = {2000}}

@inproceedings{Adam09,
	Address = {Suntec, Singapore},
	Author = {Pauls, Adam and Klein, Dan},
	Booktitle = {Proceedings of the Joint Conference of the 47th Annual Meeting of the ACL and the 4th International Joint Conference on Natural Language Processing of the AFNLP},
	Month = {August},
	Pages = {958--966},
	Publisher = {ACL},
	Title = {K-Best A* Parsing},
	Year = {2009}}

@inproceedings{Klein03,
	Author = {Klein, Dan and Manning, Christopher D.},
	Booktitle = {Proceedings of the 2003 Conference of the North American Chapter of the Association for Computational Linguistics on Human Language Technology - Volume 1},
	Location = {Edmonton, Canada},
	Pages = {40--47},
	Publisher = {ACL},
	Series = {NAACL '03},
	Title = {A parsing: fast exact Viterbi parse selection},
	Year = {2003}}

@inproceedings{Miltsakaki04,
	Author = {E. Miltsakaki and R. Prasad and A. Joshi and B. Webber},
	Booktitle = {In Proceedings of Language Resources and Evaluation Conference (LREC)},
	Title = {{The Penn Discourse Treebank}},
	Year = {2004}}

@techreport{Prasad06,
	Author = {R. Prasad and E. Miltsakaki and N. Dinesh and A. Lee and A. Joshi and B. Webber},
	Institution = {University of Pennsylvania Technical Report IRCS-0601},
	Title = {The Penn Discourse Treebank 1.0. annotation manual},
	Year = {2010}}

@inproceedings{Sporleder05b,
	Address = {Bulgaria},
	Author = {Caroline Sporleder and Alex Lascarides},
	Booktitle = {Proceedings of Recent Advances in Natural Langauge Processing (RANLP)},
	Date-Modified = {2013-03-15 02:56:35 +0000},
	Title = {{Exploiting Linguistic Cues to Classify Rhetorical Relations}},
  Pages = {157–166},
	Year = {2005}}

@techreport{Hammad10,
	Author = {Abu Mohammad Hammad Ali},
	Institution = {University of British Columbia M.Sc. Essay},
	Title = {Discourse parsing: An overview},
	Year = {2010}}

@article{Pedro07,
	Author = {Pedro F. Felzenszwalb and David Mcallester},
	Journal = {Journal of Artificial Intelligence Research (JAIR)},
	Title = {The generalized A* architecture},
	Volume = {29},
	Year = {2007}}



@inproceedings{Bangalore06,
	Author = {Bangalore, S. and Di Fabbrizio, G. and Stent, A.},
	Booktitle = {Proceedings of the 21st International Conference on Computational Linguistics and the 44th annual meeting of the Association for Computational Linguistics},
	Location = {Sydney, Australia},
	series = {COLING-ACL'06},
	Pages = {201--208},
	Publisher = {ACL},
	Title = {{Learning the Structure of Task-Driven Human-Human Dialogs}},
	Year = {2006}}

@inproceedings{Zesch09,
	Address = {Borovets, Bulgaria},
	Author = {Zesch, T. and Gurevych, I},
	Booktitle = {Proceedings of the 7th International Conference on Recent Advances in Natural Language Processing},
	Pages = {484--489},
	Series = {RANLP'09},
	Title = {{Approximate Matching for Evaluating Keyphrase Extraction}},
	Year = {2009}}

@inproceedings{Allen07,
	Author = {J. Allen and N. Chambers and G. Ferguson and L. Galescu and H. Jung and W. Taysom},
	Booktitle = {Proceedings of the Twenty-Second Conference on Artificial Intelligence},
	Pages = {22--26},
	Series = {AAAI'07},
	Publisher = {AAAI},
	Title = {{PLOW: A Collaborative Task Learning Agent}},
	Year = {2007}}

@inproceedings{Bill06,
	Address = {New York, USA},
	Author = {B. MacCartney and T. Grenager and M.C. de Marneffe and D. Cer and C. D. Manning},
	Booktitle = {Proceedings of the Human Language Technology Conference of the North American Chapter of the ACL},
	Pages = {41�48},
	Title = {Learning to recognize features of valid textual entailments},
	Year = {2006}}

@inproceedings{Zhu03,
	Address = {Washington, USA},
	Author = {X Zhu and Z Ghahramani and J Lafferty},
	Booktitle = {Proceedings of ICML-2003},
	Title = {Semi-Supervised Learning Using Gaussian Fields and Harmonic Functions},
	Year = {2003}}

@inproceedings{Vasin04,
	Address = {Florida},
	Author = {V. Punyakanok and D. Roth and W. Yih},
	Booktitle = {Proceedings of AI \& Math},
	Title = {Mapping Dependencies Trees: An Application to Question Answering},
	Year = {2004}}

@inproceedings{Hirao04,
	Address = {Geneva, Switzerland},
	Author = {T. Hirao and and J. Suzuki and H. Isozaki and E. Maeda},
	Booktitle = {Proceedings of the 20th international conference on computational linguistics},
	series = {COLING'04},
	Pages = {446--452},
	Title = {{Dependency-based Sentence Alignment for Multiple Document Summarization}},
	Publisher = {ACL},
	Year = {2004}}

@inproceedings{Hovy06,
	Address = {Genoa, Italy},
	Author = {E. Hovy and C. Y. Lin and L. Zhou and J. Fukumoto},
	Booktitle = {Proceedings of the Fifth Conference on Language Resources and Evaluation},
	series = {LREC'06},
	Title = {{Automated Summarization Evaluation with Basic Elements}},
	Year = {2006}}

@inproceedings{Chali07,
	Address = {Rochester},
	Author = {Y. Chali and S. R. Joty},
	Booktitle = {Proceedings of the Document Understanding Conference},
	Publisher = {NIST},
	Title = {{University of Lethbridge's participation in DUC-2007 main task}},
	Year = {2007}}

@inproceedings{Goldstein99,
	Address = {Berkeley, CA},
	Author = {J. Goldstein and M. Kantrowitz and V. Mittal and J. Carbonell},
	Booktitle = {Proceedings of the 22nd International ACM Conference on Research and Development in Information Retrieval, SIGIR},
	Pages = {121--128},
	Title = {{Summarizing Text Documents: Sentence Selection and Evaluation Metrics}},
	Year = {1999}}

@inproceedings{Brin98,
	Author = {S. Brin and L. Page},
	Booktitle = {Computer Networks},
	Pages = {107--117},
	Title = {{Tha anatomy of a large-scale hypertextual web search engine}},
	Volume = {30(1-7)},
	Year = {1998}}

@inproceedings{Carbonell97,
	Address = {Japan},
	Author = {J. Carbonell and Y. Geng and and J. Goldstein},
	Booktitle = {IJCAI-97 Workshop on AI in Digital Libraries},
	Pages = {12--19},
	Title = {{Automatic query-relevant summarization and diversity-based reranking}},
	Year = {1997}}

@inproceedings{Mihalcea05,
 author = {Mihalcea, Rada},
 title = {Unsupervised large-vocabulary word sense disambiguation with graph-based algorithms for sequence data labeling},
 booktitle = {Proceedings of the conference on Human Language Technology and Empirical Methods in Natural Language Processing},
 series = {HLT '05},
 year = {2005},
 address = {Vancouver, British Columbia, Canada},
 pages = {411--418},
 numpages = {8},
 url = {http://dx.doi.org/10.3115/1220575.1220627},
 doi = {10.3115/1220575.1220627},
 acmid = {1220627},
 publisher = {ACL},
} 

@inproceedings{Widdows02,
 author = {Widdows, Dominic and Dorow, Beate},
 title = {A graph model for unsupervised lexical acquisition},
 booktitle = {Proceedings of the 19th international conference on Computational linguistics - Volume 1},
 series = {COLING '02},
 year = {2002},
 address = {Taipei, Taiwan},
 pages = {1--7},
 numpages = {7},
 url = {http://dx.doi.org/10.3115/1072228.1072342},
 doi = {10.3115/1072228.1072342},
 acmid = {1072342},
 publisher = {ACL},
} 

@inproceedings{Haghighi05,
 author = {Haghighi, Aria D. and Ng, Andrew Y. and Manning, Christopher D.},
 title = {Robust textual inference via graph matching},
 booktitle = {Proceedings of the conference on Human Language Technology and Empirical Methods in Natural Language Processing},
 series = {HLT '05},
 year = {2005},
 address = {Vancouver, British Columbia, Canada},
 pages = {387--394},
 numpages = {8},
 publisher = {ACL},
} 

@inproceedings{Talukdar09,
 author = {Talukdar, Partha Pratim and Crammer, Koby},
 title = {New Regularized Algorithms for Transductive Learning},
 booktitle = {Proceedings of the European Conference on Machine Learning and Knowledge Discovery in Databases: Part II},
 series = {ECML PKDD '09},
 year = {2009},
 address = {Bled, Slovenia},
 pages = {442--457},
 publisher = {Springer-Verlag},
} 

@article{Subramanya11,
 author = {Subramanya, Amarnag and Bilmes, Jeff},
 title = {Semi-Supervised Learning with Measure Propagation},
 journal = {J. Mach. Learn. Res.},
 issue_date = {2/1/2011},
 volume = {12},
 month = nov,
 year = {2011},
 issn = {1532--4435},
 pages = {3311--3370},
 numpages = {60},
 publisher = {JMLR.org},
} 

@InProceedings{alexandrescu09,
  author    = {Alexandrescu, Andrei  and  Kirchhoff, Katrin},
  title     = {Graph-based Learning for Statistical Machine Translation},
  booktitle = {Proceedings of Human Language Technologies: The 2009 Annual Conference of the North American Chapter of the Association for Computational Linguistics},
  month     = {June},
  year      = {2009},
  address   = {Boulder, Colorado},
  publisher = {ACL},
  pages     = {119--127},
  url       = {http://www.aclweb.org/anthology/N/N09/N09-1014}
}

@inproceedings{Subramanya10,
 author = {Subramanya, Amarnag and Petrov, Slav and Pereira, Fernando},
 title = {Efficient graph-based semi-supervised learning of structured tagging models},
 booktitle = {Proceedings of the 2010 Conference on Empirical Methods in Natural Language Processing},
 series = {EMNLP '10},
 year = {2010},
 address = {Cambridge, Massachusetts},
 pages = {167--176},
 numpages = {10},
 publisher = {ACL},
} 


@inproceedings{Radev05,
	Address = {Vancouver, Canada},
	Author = {J. Otterbacher and G. Erkan and D. R. Radev},
	Booktitle = {Proceedings of Human Language Technology Conference and Conference on Empirical Methods in Natural Language Processing},
	Pages = {915--922},
	Title = {{Using Random Walks for Question-focused Sentence Retrieval}},
	Year = {2005}}

@inproceedings{Zhou05,
	Address = {Vancouver, Canada},
	Author = {E. Hovy and C. Y. Lin and L. Zhou},
	Booktitle = {Proceedings of Document Understanding Conference},
	Series = {DUC'05},
	Title = {{A BE-based Multi-document Summarizer with Query Interpretation}},
	Year = {2005}}

@inproceedings{Murray05,
	Author = {Gabriel Murray and Steve Renals and Jean Carletta},
	Booktitle = {in Proceedings of the 9th European Conference on Speech Communication and Technology},
	Pages = {593--596},
	Title = {{Extractive Summarization of Meeting Recordings}},
	Year = {2005}}

@inproceedings{Gabriel08,
	Address = {Honolulu, Hawaii},
	Author = {Gabriel Murray and Giuseppe Carenini},
	Booktitle = {Proceedings of EMNLP},
	Title = {{Summarizing Spoken and Written Conversations}},
	Year = {2008}}

@inproceedings{Jan09,
	Address = {California},
	Author = {Jan Ulrich and Giuseppe Carenini and Gabriel Murray and Raymond Ng},
	Booktitle = {Proceedings of ICWSM'09},
	Title = {Regression Based Summarization of Email Conversations},
	Year = {2009}}

@inproceedings{Lin04,
	Address = {Barcelona},
	Author = {C-Y Lin},
	Booktitle = {Proceedings of Workshop on Text Summarization Branches Out},
	Pages = {74--81},
	Title = {{ROUGE: A Package for Automatic Evaluation of Summaries}},
	Year = {2004}}

@inproceedings{Lin03,
	Address = {Edmonton, Canada},
	Author = {C. Y. Lin and E. Hovy},
	Booktitle = {Proceedings of the Annual Meeting of the North American Association for Computational Linguistics},
	Pages = {150--156},
	Title = {{Automatic evaluation of summaries using n-gram co-occurrence statistics}},
	Year = {2003}}

@inproceedings{Amigo04,
	Address = {Barcelona, Spain},
	Author = {E.Amigo and J.Gonzalo and V.Peinado and A.Peinado and F.Verdejo},
	Booktitle = {Proceedings of the 42nd Annual Meeting of the Association for Computational Linguistics},
	Pages = {207-es},
	Title = {{An Empirical Study of Information Synthesis Tasks}},
	Year = {2004}}

@inproceedings{DLin98,
	Address = {Montreal, Canada},
	Author = {D. Lin},
	Booktitle = {Proceedings of the International Conference on Computational Linguistics and Association for Computational Linguistics},
	Pages = {768-774},
	Title = {{Automatic Retrieval and Clustering of Similar Words}},
	Year = {1998}}

@inproceedings{DLin98_1,
	Address = {Madison, Wisconsin},
	Author = {D. Lin},
	Booktitle = {Proceedings of International Conference on Machine Learning},
	Pages = {296-304},
	Title = {{An Information-Theoretic Definition of Similarity}},
	Year = {1998}}

@inproceedings{McKeown03,
	Author = {Galley, Michel and McKeown, Kathleen},
	Booktitle = {Proceedings of the 18th International Joint Conference on Artificial Intelligence},
  Address = {Acapulco, Mexico},
	Series = {IJCAI'03},
	Pages = {1486--1488},
  Publisher = {Morgan Kaufmann Publishers Inc.},
	Title = {{Improving Word Sense Disambiguation in Lexical Chaining}},
	Year = {2003}}


@inproceedings{McKeown03b,
	Address = {Edmonton, Canada},
	Author = {K. McKeown and R. Barzilay and J. Chen and D. Elson and D. Evans and J. Klavans and A. Nenkova and B. Schiffman and S. Sigelman},
	Booktitle = {Proceedings of the Annual Meeting of the North American Association for Computational Linguistics},
	Title = {{Columbia's newsblaster: New features and future directions (demo)}},
	Year = {2003}}

@ARTICLE{Shafiq13_Jair,
    author = {Shafiq Joty and Giuseppe Carenini and Raymond T. Ng},
    title = {{Topic Segmentation and Labeling in Asynchronous Conversations}},
    journal = {Journal of Artificial Intelligence Research},
    year = {2013},
    pages     = {521--573},
    volume = {47}
}
	
@article{Passonneau97,
	Address = {Cambridge, MA, USA},
	Author = {Passonneau, Rebecca J. and Litman, Diane J.},
	Issn = {0891--2017},
	Issue_Date = {March 1997},
	Journal = {Computational Linguistics},
	Month = mar,
	Number = {1},
	Pages = {103--139},
	Publisher = {MIT Press},
	Title = {{Discourse Segmentation by Human and Automated Means}},
	Volume = {23},
	Year = {1997},
}

@article{Nenkova07,
	Author = {A. Nenkova and R. Passonneau and K. McKeown},
	Journal = {ACM Transactions on Speech and Language Processing},
	Title = {{The Pyramid Method: Incorporating Human Content Selection Variation in Summarization Evaluation}},
	Volume = {Vol 4, No. 2, Article 4},
	Year = {2007}}

@inproceedings{Joty_SemEval07,
	Address = {Prague},
	Author = {Yllias Chali and Shafiq Joty},
	Booktitle = {Proceedings of the SemEval-2007},
	Pages = {476--479},
	Title = {{Word Sense Disambiguation Using Lexical Cohesion}},
	Year = {2007}}

@inproceedings{Chali07b,
	Address = {Gaithersburg},
	Author = {Yllias Chali and Shafiq R. Joty},
	Booktitle = {Proceedings of the sixteenth Text REtrieval Conference},
	Publisher = {NIST},
	Title = {{University of Lethbridge's Participation in TREC-2007 QA Track}},
	Year = {2007}}

@inproceedings{Ahn04,
	Address = {Gaithersburg, Maryland},
	Author = {D. Ahn and V. Jijkoun and J. Kamps and G. Mishne and K. Muller and M. de Rijke and S. Schlobach},
	Booktitle = {Proceedings of the 13th Text REtreival Conference},
	Title = {{The University of Amsterdam at TREC2004}},
	Year = {2004}}

@inproceedings{Waibel98,
	Address = {Lansdowne, Virginia},
	Author = {A. Waibel and M. Bett and M. Finke and R. Stiefelhagen},
	Booktitle = {Proceedings of the 1998 DARPA Broadcast News Workshop},
	Title = {{Meeting browser: tracking and summarization meetings}},
	Year = {1998}}

@inproceedings{Mckeown98,
	Address = {Stanford University},
	Author = {K. McKeown and R. Desmond and A. Jordan and V. Hatzivassiloglou},
	Booktitle = {AAAI 98 Spring Symposium on Intelligent Text Summarization},
	Pages = {34--43},
	Title = {{Generating patient-specific summaries of online literature}},
	Year = {1998}}

@inproceedings{Hirst97b,
	Address = {Sardinia, Italy},
	Author = {G. Hirst and C. DiMarco and E. Hovy and K. Parsons},
	Booktitle = {Proceedings of the Sixth International Conference on User Modeling},
	Pages = {107-118},
	Title = {{Authoring and generating health-education documents that are tailored to the needs of the individual patient}},
	Year = {1997}}

@inproceedings{Maybury97,
	Author = {M. Maybury and A. Merlino},
	Booktitle = {Proceedings of the IASTED International Conference on Intelligent Information Systems},
	Pages = {442-449},
	Publisher = {IEEE Computer Society},
	Title = {{Multimedia summaries of broadcast news}},
	Year = {1997}}

@inbook{Witten99,
	Author = {I. Witten and E. Frank and L. Trigg and M. Hall and G. Holmes and S. Cunningham},
	Publisher = {ICONIP/ANZIIS/ANNES},
	Title = {{Weka: Practical machine learning tools and techniques with java implementations}},
	Year = {1999}}

@inbook{Strzalkowski08,
	Author = {T. Strzalkowski and S. Harabagiu},
	Publisher = {Springer},
	Title = {{Advances in Open Domain Question Answering}},
	Year = {2008}}

@inproceedings{Rohall04,
	Author = {S. L. Rohall and D. Gruen and P. Moody and M. Wattenberg and M. Stern and B. Kerr and B. Stachel and K. Dave and R. Armes and E. Wilcox},
	Booktitle = {Extended abstracts of the 2004 conference on Human factors and computing systems},
	Pages = {791-792},
	Publisher = {ACM Press},
	Title = {{Remail: a reinvented email prototype}},
	Year = {2004}}

@article{Radev04,
	Author = {G. Erkan and D. Radev},
	Journal = {Journal of Artificial Intelligence Research},
	Pages = {457--479},
	Title = {{LexRank: Graph-based Lexical Centrality as Salience in Text Summarization}},
	Volume = {22},
	Year = {2004}}

@article{Hartigan79,
	Author = {J. A. Hartigan and M. A. Wong},
	Journal = {Applied Statistics},
	Pages = {100--108},
	Title = {{A K-means Clustering Algorithm}},
	Volume = {28},
	Year = {1979}}

@inproceedings{Radev01,
	Address = {San Diego, CA},
	Author = {D. R. Radev and S. Blair--Goldensohn and Z. Zhang and R. S. Raghavan},
	Booktitle = {Demo Presentation, Human Language Technology Conference},
	Title = {{Newsinessence: A system for domain-independent, real-time news clustering and multi-document summarization}},
	Year = {2001}}

@inbook{Mani99,
	Author = {I. Mani and M. Maybury},
	Publisher = {MIT Press},
	Title = {{Advances in Automatic Text Summarization}},
	Year = {1999}}

@inbook{Mani01,
	Address = {Amsterdam/Philadelphia},
	Author = {I. Mani},
	Publisher = {John Benjamins Co},
	Title = {{Automatic Summarization}},
	Year = {2001}}

@inbook{Baeza99,
	Author = {R. Baeza-Yates and B. Ribeiro-Neto},
	Chapter = {8},
	Pages = {192-199},
	Publisher = {Pearson Education Limited},
	Title = {{Modern Information Retreival}},
	Year = {1999}}

@inbook{Cormen89,
	Author = {T. R. Cormen and C. E. Leiserson and R. L. Rivest},
	Publisher = {The MIT Press},
	Title = {{Introduction to Algorithms}},
	Year = {1989}}

@inproceedings{Pedersen04,
	Address = {Boston, MA},
	Author = {T. Pedersen and S. Patwardhan and J. Michelizzi},
	Booktitle = {Proceedings of Fifth Annual Meeting of the North American Chapter of the Association for Computational Linguistics (NAACL-04)},
	Pages = {38--41},
	Title = {{WordNet::Similarity - Measuring the Relatedness of Concepts}},
	Type = {Demonstration System},
	Year = {2004}}

@inproceedings{Banerjee02,
	Address = {Mexico City, Mexico},
	Author = {S. Banerjee and T. Pedersen},
	Booktitle = {Proceedings of the Third International Conference on Computational Linguistics and Intelligent Text Processing},
	Pages = {136-145},
	Title = {{An Adapted Lesk Algorithm for Word Sense Disambiguation Using WordNet}},
	Year = {2002}}

@inproceedings{Bellot02,
	Address = {Gaithersburg, Maryland},
	Author = {P. Bellot and E. Crestan and M. El-Beze and L. Gillard and C. de Loupy},
	Booktitle = {Proceedings of the Eleventh Text REtreival Conference},
	Pages = {398},
	Title = {{Coupling Named Entity Recognition, Vector-Space Model and Knowledge Bases for TREC-11 Question Answering Track}},
	Year = {2002}}

@inproceedings{Bilotti04,
	Address = {The University of Sheffield, UK},
	Author = {M. W. Bilotti and B. Katz and J. Lin},
	Booktitle = {Proceedings of the Information Retrieval for Question Answering Workshop at SIGIR 2004},
	Title = {{What Works Better for Question Answering: Stemming or Morphological Query Expansion?}},
	Year = {2004}}

@inproceedings{Boni02,
	Address = {Gaithersburg, Maryland},
	Author = {M. De Boni and J. Jara-Valencia and S. Manandhar},
	Booktitle = {Proceedings of the Eleventh Text REtreival Conference},
	Pages = {832},
	Title = {{The YorkQA Prototype Question Answering System}},
	Year = {2002}}

@inproceedings{Brill94,
	Address = {Seattle, Washington},
	Author = {E. Brill},
	Booktitle = {National Conference on Artificial Intelligence},
	Pages = {722-727},
	Title = {{Some Advances in Transformation-based Part of Speech Tagging}},
	Year = {1994}}

@techreport{Buckley85,
	Author = {C. Buckley},
	Publisher = {Cornell University},
	Title = {{Implementation of the SMART Information Retrieval System}},
	Year = {1985}}

@inproceedings{Burger02,
	Address = {Gaithersburg, Maryland},
	Author = {J. D. Burger and L. Ferro and W. Greiff and J. Henderson and M. Light and S. Mardis and A. Morgan},
	Booktitle = {Proceedings of the Eleventh Text REtreival Conference},
	Pages = {457},
	Title = {{MITRE's QANDA at TREC-11}},
	Year = {2002}}

@inproceedings{Burger03,
	Address = {Gaithersburg, Maryland},
	Author = {J. D. Burger},
	Booktitle = {Proceedings of the Twelfth Text REtreival Conference},
	Pages = {436-440},
	Title = {{MITRE's QANDA at TREC-12}},
	Year = {2003}}

@article{Cannataro03,
	Author = {M. Cannataro and D. Talia},
	Journal = {Communications of the ACM},
	Number = {1},
	Pages = {89-93},
	Title = {{The Knowledge Grid}},
	Volume = {46},
	Year = {2003}}

@inproceedings{Carrol02,
	Address = {Gaithersburg, Maryland},
	Author = {J. Chu-Carroll and J. Prager and C. Welty and K. Czuba and D. Ferrucci},
	Booktitle = {Proceedings of the Eleventh Text REtreival Conference},
	Pages = {281},
	Title = {{A Multi-Strategy and Multi-Source Approach to Question Answering}},
	Year = {2002}}

@inproceedings{Chali03,
	Address = {Edmonton},
	Author = {Y. Chali and M. Kolla and N. Singh and Z. Zhang},
	Booktitle = {Proceedings of the Document Understanding Conference},
	Pages = {148-152},
	Publisher = {NIST},
	Title = {{The University of Lethbridge Text Summarizer at DUC 2003}},
	Year = {2003}}

@inproceedings{Chali04,
	Address = {Boston},
	Author = {Y. Chali and M. Kolla},
	Booktitle = {Proceedings of the Document Understanding Conference},
	Pages = {123-131},
	Publisher = {NIST},
	Title = {{Summarization Techniques at DUC 2004}},
	Year = {2004}}

@inproceedings{Chali04b,
	Address = {Gaithersburg, Maryland},
	Author = {Y. Chali and S. Dubien},
	Booktitle = {Proceedings of the 13th Text REtreival Conference},
	Title = {{University of Lethbridge's Participation in TREC-2004 QA Track}},
	Year = {2004}}

@unpublished{Chali05,
	Author = {Y. Chali and S. Dubien},
	Title = {A Question Answering System Using Document Tagging},
	Year = {2005}}

@inproceedings{Chang03,
	Address = {Gaithersburg, Maryland},
	Author = {Y. Chang and H. Xu and S. Bai},
	Booktitle = {Proceedings of the Twelfth Text REtreival Conference},
	Pages = {147-151},
	Title = {{TREC 2003 Question Answering Track at CAS-ICT}},
	Year = {2003}}

@inproceedings{Chen04,
	Address = {Gaithersburg, Maryland},
	Author = {J. Chen and G. He and Y. Wu and S. Jiang},
	Booktitle = {Proceedings of the 13th Text REtreival Conference},
	Title = {{UNT at TREC 2004: Question Answering Combining Multiple Evidences}},
	Year = {2004}}

@inproceedings{Chu04,
	Address = {Gaithersburg, Maryland},
	Author = {J. Chu-Carroll and K. Czuba and J. Prager and A. Ittycheriah and S. Blair--Goldensohn},
	Booktitle = {Proceedings of the 13th Text REtreival Conference},
	Title = {IBM's PIQUANT II in TREC2004},
	Year = {2004}}

@inproceedings{Clarke01,
	Address = {New Orleans, Louisiana},
	Author = {C. L. A Clarke and G. V. Cormack and T. R. Lynam},
	Booktitle = {Proceedings of the 24th annual international ACM SIGIR conference on Research and development in information retrieval},
	Pages = {358-365},
	Title = {{Exploiting redundancy in question answering}},
	Year = {2001}}

@inproceedings{Clarke02,
	Address = {Gaithersburg, Maryland},
	Author = {C. L. A. Clarke and G. V. Cormack and G. Kemkes and M. Laszlo and T. R. Lynam and E. L. Terra and P. L. Tilker},
	Booktitle = {Proceedings of the Eleventh Text REtreival Conference},
	Pages = {823},
	Title = {{Statistical Selection of Exact Answers (MuliText Experiments for TREC 2002}},
	Year = {2002}}

@inproceedings{Clifton03,
	Address = {Gaithersburg, Maryland},
	Author = {T. Clifton and A. Colquhoun and W. Teahan},
	Booktitle = {Proceedings of the Twelfth Text REtreival Conference},
	Pages = {600-611},
	Title = {{Bangor at TREC 2003: QA and Genomics Track}},
	Year = {2003}}

@inproceedings{Clifton04,
	Address = {Gaithersburg, Maryland},
	Author = {T. Clifton and W. Teahan},
	Booktitle = {Proceedings of the Thirteenth Text REtreival Conference},
	Title = {{Bangor at TREC 2004: Question Answering Track}},
	Year = {2004}}

@inproceedings{Collins96,
	Address = {Santa Cruz, CA},
	Author = {Michael Collins},
	Booktitle = {Proceedings of the Association for Computational Linguistics},
	Pages = {184--191},
	Title = {{A new statistical parser based on bigram lexical dependencies}},
	Year = {1996}}

@inproceedings{Cui04,
	Address = {Gaithersburg, Maryland},
	Author = {H. Cui and K. Li and R. Sun and T. Chun M. Kan},
	Booktitle = {Proceedings of the Thirteenth Text REtreival Conference},
	Title = {{National University of Signapore at the TREC-13 Question Answering Main Task}},
	Year = {2004}}

@inproceedings{Cunningham02,
	Address = {Philadelphia},
	Author = {H. Cunningham and D. Maynard and K. Bontcheva and V. Tablan},
	Booktitle = {Proceedings of the 40th Anniversary Meeting of the Association for Computational Linguistics},
	Pages = {54-62},
	Title = {{GATE: A Framework and Graphical Development Environment for Robust NLP Tools and Applications}},
	Year = {2002}}

@inproceedings{Diekema02,
	Address = {Gaithersburg, Maryland},
	Author = {A. R. Diekema and J. Chen and N. McCracken and N. E. Ozgencil and M. D. Taffet and O. Yilmazel and E. D. Liddy},
	Booktitle = {Proceedings of the Eleventh Text REtreival Conference},
	Pages = {565-572},
	Title = {{Question Answering: CNLP at the TREC-2002 Question Answering Track}},
	Year = {2002}}

@inproceedings{Diekema04,
	Address = {Barcelona, Spain},
	Author = {A. R. Diekema and O. Yilmazel and E. D. Liddy},
	Booktitle = {Proceedings of EACL Workshop on Question Answering in Restricted Domains},
	Pages = {2-7},
	Title = {{Evaluation of Restricted Domain Question-Answering Systems}},
	Year = {2004}}

@inproceedings{Dumais02,
	Address = {Tampere, Finland},
	Author = {S. Dumais and M. Banko and E. Brill and J. Lin and A. Ng},
	Booktitle = {Proceedings of The 25th Annual International ACM SIGIR Conference on Research and Development in Information Retrieval},
	Pages = {291-298},
	Title = {{Web Question Answering: Is More Always Better?}},
	Year = {2002}}

@inproceedings{Echihabi03,
	Address = {Gaithersburg, Maryland},
	Author = {A. Echihabi and U. Hermjakob and E. Hovy and D. Marcu and E. Melz and D. Ravichandran},
	Booktitle = {Proceedings of the Twelfth Text REtreival Conference},
	Pages = {772-781},
	Title = {{Multiple-Engine Question Answering in TextMap}},
	Year = {2003}}

@inproceedings{Eichmann02,
	Address = {Gaithersburg, Maryland},
	Author = {D. Eichmann and P. Srinivasan},
	Booktitle = {Proceedings of the Eleventh Text REtreival Conference},
	Pages = {686},
	Title = {{Novel Results and Some Answers The University of Iowa TREC-11 Results}},
	Year = {2002}}

@inproceedings{Eichmann03,
	Address = {Gaithersburg, Maryland},
	Author = {D. Eichmann and P. Srinivasan and M. Light and H. Wang and X. Y. Qiu and R. J. Arens and A. Sehgal},
	Booktitle = {Proceedings of the Twelfth Text REtreival Conference},
	Pages = {678-685},
	Title = {{Experiments in Novelty, Genes and Questions at The University of Iowa}},
	Year = {2003}}

@inproceedings{Erbach04,
	Address = {Bath, UK},
	Author = {G. Erbach},
	Booktitle = {Proceedings of Cross-Language Evaluation Forum Workshop 2004},
	Title = {{Evaluating Human Question-Answering Performance under Time Constraints}},
	Year = {2004}}

@inproceedings{Fellbaum98,
	Address = {Cambridge, MA},
	Author = {Christiane Fellbaum},
	Organization = {MIT Press},
	Title = {{WordNet - An Electronic Lexical Database}},
	Year = {1998}}

@inproceedings{Ferret01,
	Address = {Gaithersburg, Maryland},
	Author = {O. Ferret and B. Grau and M. Hurault-Plantet and G. Illouz and L. Monceaux and I. Robba and A. Vilnat},
	Booktitle = {Proceedings of the Tenth Text REtreival Conference},
	Title = {{Finding an answer based on the recognition of the question focus}},
	Year = {2001}}

@inproceedings{Gaizauskas03,
	Address = {Gaithersburg, Maryland},
	Author = {R. Gaizauskas and M. A. Greenwood and M. Hepple and I. Roberts and H. Saggion and M. Sargaison},
	Booktitle = {Proceedings of the Twelfth Text REtreival Conference},
	Pages = {782-790},
	Title = {{The University of Sheffield's TREC 2003 Q\&A Experiments}},
	Year = {2003}}

@inproceedings{Gaizauskas04,
	Address = {Gaithersburg, Maryland},
	Author = {R. Gaizauskas and M. A. Greenwood and M. Hepple and I. Roberts and H. Saggion},
	Booktitle = {Proceedings of the 13th Text REtreival Conference},
	Title = {{The University of Sheffield's TREC 2004 Q\&A Experiments }},
	Year = {2004}}

@inproceedings{Geller03,
	Address = {Gaithersburg, Maryland},
	Author = {I. S. Geller},
	Booktitle = {Proceedings of the Twelfth Text REtreival Conference},
	Pages = {386-391},
	Title = {{The Role of Meaning of Predictive and Non-predictive Definitions in the Search for Information}},
	Year = {2004}}

@inproceedings{Goldensohn03,
	Address = {Gaithersburg, Maryland},
	Author = {S. Blair--Goldensohn and K. R. McKeown and A. H. Schlaikjer},
	Booktitle = {Proceedings of the Twelfth Text REtreival Conference},
	Pages = {185-192},
	Title = {{A Hybrid Approach for QA Track Definitional Questions}},
	Year = {2003}}

@inproceedings{Greenwood02,
	Address = {Gaithersburg, Maryland},
	Author = {M. A. Greenwood and I. Roberts and R. Gaizauskas},
	Booktitle = {Proceedings of the Eleventh Text REtreival Conference},
	Pages = {791},
	Title = {{The University of Sheffield TREC 2002 Q\&A System}},
	Year = {2003}}

@inproceedings{Grunfeld03,
	Address = {Gaithersburg, Maryland},
	Author = {L. Grunfeld and K. L. Kwok and N. Dinstl and P. Deng},
	Booktitle = {Proceedings of the Twelfth Text REtreival Conference},
	Pages = {510-521},
	Title = {{TREC2003 Robust, Hard and QA Track Experiments using PIRCS}},
	Year = {2003}}

@inproceedings{Harabagiu99,
	Address = {North Falmouth, Massachusetts},
	Author = {S. M. Harabagiu and S. J. Maiorano},
	Booktitle = {AAAI Fall Symposium on Question Answering Systems},
	Pages = {63-71},
	Title = {{Finding Answers in Large Collections of Texts: Paragraph Indexing + Abductive Inference}},
	Year = {1999}}

@inproceedings{Harabagiu01,
	Address = {Toulouse, France},
	Author = {S. Harabagiu and D. Moldovan and M. Pasca and R. Mihalcea and M. Surdeanu and R. Bunescu and R. Girju and V. Rus and P. Morarescu},
	Booktitle = {Proceedings of the 39th Annual Meeting of the Association of Computational Linguistics},
	Pages = {274-281},
	Title = {{The Role of Lexico-Semantic Feedback in Open-Domain Textual Question-Answering}},
	Year = {2001}}

@inproceedings{Harabagiu03,
	Address = {Gaithersburg, Maryland},
	Author = {S. Harabagiu and D. Moldovan and C. Clark and M. Bowden and J. Williams and J. Bensley},
	Booktitle = {Proceedings of the Twelfth Text REtreival Conference},
	Pages = {375-382},
	Title = {{Answer Mining by Combining Extraction Techniques with Abductive Reasoning}},
	Year = {2003}}

@inproceedings{Hermjakob01,
	Address = {Toulouse, France},
	Author = {U. Hermjakob},
	Booktitle = {Proceedings of the Association for Computational Linguistics 39th Annual Meeting and 10th Conference of the European Chapter Workshop on Open-Domain Question Answering},
	Pages = {17-22},
	Title = {{Parsing and Question Classification for Question Answering}},
	Year = {2001}}

@inproceedings{Hermjakob02,
	Address = {Gaithersburg, Maryland},
	Author = {U. Hermjakob and A. Echihabi and D. Marcu},
	Booktitle = {Proceedings of the Eleventh Text REtreival Conference},
	Title = {{Natural Language Based Reformulation Resource and Web Exploitation for Question Answering}},
	Year = {2003}}

@inproceedings{Hildebrandt04,
	Address = {Boston, Massachusetts},
	Author = {W. Hildebrandt and B. Katz and J. Lin},
	Booktitle = {Proceedings of the Human Language Technology conference / North American chapter of the Association for Computational Linguistics},
	Pages = {49-56},
	Title = {{Answering Definition Questions Using Multiple Knowledge Sources}},
	Year = {2004}}

@inproceedings{Ittycheriah02,
	Address = {Gaithersburg, Maryland},
	Author = {A. Ittycheriah and S. Roukos},
	Booktitle = {Proceedings of the Eleventh Text REtreival Conference},
	Pages = {273},
	Title = {{IBM's Statistical Question Answering System - TREC-11}},
	Year = {2002}}

@inproceedings{Jaleel03,
	Address = {Gaithersburg, Maryland},
	Author = {N. AbdulJaleel and A. Corrada-Emmanuel and Q. Li and X. Liu and C. Wade and J. Allan},
	Booktitle = {Proceedings of the Twelfth Text REtreival Conference},
	Pages = {715-725},
	Title = {{UMass at TREC 2003: HARD and QA}},
	Year = {2004}}

@inproceedings{Jijkoun03,
	Address = {Gaithersburg, Maryland},
	Author = {V. Jijkoun and G. Mishne and C. Monz and M. de Rijke and S. Schlobach and O. Tsur},
	Booktitle = {Proceedings of the Twelfth Text REtreival Conference},
	Pages = {586-593},
	Title = {{The University of Amsterdam at the TREC 2003 Question Answering Track}},
	Year = {2003}}

@inproceedings{Jijkoun04,
	Address = {Springer},
	Author = {V. Jijkoun and M. de Rijke},
	Booktitle = {Proceedings 26th European Conference on Information Retrieval},
	Pages = {99-111},
	Title = {{Answer Selection in a multi-stream open domain question answering system}},
	Volume = {2997 of LNCS},
	Year = {2004}}

@inproceedings{Kwok01,
	Address = {Hong-Kong},
	Author = {C. Kwok and O. Etzioni and D. Weld},
	Booktitle = {World Wide Web},
	Pages = {150-161},
	Title = {{Scaling question answering to the Web}},
	Year = {2001}}

@inproceedings{Katz03,
	Address = {Gaithersburg, Maryland},
	Author = {B. Katz and J. Lin and D. Loreto and W. Hildebrandt and M. Bilotti and S. Felshin and A. Fernandes and G. Marton and F. Mora},
	Booktitle = {Proceedings of the Twelfth Text REtreival Conference},
	Pages = {426-435},
	Title = {{Integrating Web-Based and Corpus-Based Techniques for Question Answering}},
	Year = {2003}}

@inproceedings{Kazawa02,
	Address = {Gaithersburg, Maryland},
	Author = {H. Kazawa and T. Hirao and H. Isozaki and E. Maeda},
	Booktitle = {Proceedings of the Eleventh Text REtreival Conference},
	Pages = {472-475},
	Title = {{A machine learning approach for QA and Novelty Tracks: NNT systems description}},
	Year = {2003}}

@inproceedings{Kim01,
	Address = {Toulouse, France},
	Author = {H. Kim and K. Kim and G. G. Lee and J. Seo},
	Booktitle = {Proceedings of the Association for Computational Linguistics 39th Annual Meeting and 10th Conference of the European Chapter Workshop on Open-Domain Question Answering},
	Pages = {9-16},
	Title = {{MAYA: A Fast Question-answering System Based on A Predictive Answer Indexer}},
	Year = {2001}}

@inproceedings{Kouylekov03,
	Address = {Gaithersburg, Maryland},
	Author = {M. Kouylekov and B. Magnini and M. Negri and H. Tanev},
	Booktitle = {Proceedings of the Twelfth Text REtreival Conference},
	Pages = {349-357},
	Title = {{ITC-irst at TREC-2003: the DIOGENE QA system}},
	Year = {2003}}

@inbook{Lehnert86,
	Author = {W. G. Lehnert},
	Chapter = {A Conceptual Theory of Question Answering},
	Pages = {651-658},
	Publisher = {Morgan Kaufmann Publishers Inc.},
	Title = {{Readings in natural Language Processing}},
	Year = {1986}}

@inproceedings{Leidner03,
	Address = {Gaithersburg, Maryland},
	Author = {J. L. Leidner and J. Bos and T. Dalmas and J. R. Curran and S. Clark and C. J. Bannard and B. Webber and M. Steedman},
	Booktitle = {Proceedings of the Twelfth Text REtreival Conference},
	Pages = {631-635},
	Title = {{QED: The Edinburgh TREC2003 Question Answering System}},
	Year = {2003}}

@inproceedings{Li01,
	Address = {Toulouse, France},
	Author = {X. Li and D. Roth},
	Booktitle = {Proceedings of the Fifth Workshop on Computational Language Learning},
	Pages = {1-7},
	Title = {{Exploring Evidence for Shallow Parsing}},
	Year = {2001}}

@inproceedings{Lin02,
	Address = {Gaithersburg, Maryland},
	Author = {J. Lin and A. Fernandes and B. Katz and G. Marton and S. Tellex},
	Booktitle = {Proceedings of the Eleventh Text REtreival Conference},
	Title = {{Extracting Answers from the Web Using Knowledge Annotation and Knowledge Mining Techniques}},
	Year = {2003}}

@inproceedings{Li02,
	Address = {Taipei,Taiwan},
	Author = {X. Li and D. Roth},
	Booktitle = {Proceedings of the 19th International Conference on Computational Linguistics},
	Pages = {1-7},
	Title = {{Learning Question Classifiers}},
	Year = {2002}}

@inproceedings{Litkowski99,
	Address = {Gaithersburg, Maryland},
	Author = {K. C. Litkowski},
	Booktitle = {Proceedings of the Eighth Text REtrieval Conference},
	Pages = {349},
	Title = {{Question-Answering Using Semantic Relation Triples}},
	Year = {1999}}

@inproceedings{Litkowski02,
	Address = {Gaithersburg, Maryland},
	Author = {K. C. Litkowski},
	Booktitle = {Proceedings of the Eleventh Text REtreival Conference},
	Pages = {156},
	Title = {{Question Answering Using XML-Tagged Documents}},
	Year = {2002}}

@inproceedings{Litkowski03,
	Address = {Gaithersburg, Maryland},
	Author = {K. C. Litkowski},
	Booktitle = {Proceedings of the Twelfth Text REtreival Conference},
	Pages = {161-176},
	Title = {{Use of Metadata for Question Answering and Novelty Tasks}},
	Year = {2003}}

@article{Lovins68,
	Author = {J. B. Lovins},
	Journal = {Mechanical Translation and Computational Linguistics},
	Pages = {22-31},
	Title = {{Development of a stemming algorithm}},
	Volume = {11},
	Year = {1968}}

@inproceedings{Massot03,
	Address = {Gaithersburg, Maryland},
	Author = {M. Massot and H. Rodriguez and D. Ferres},
	Booktitle = {Proceedings of the Twelfth Text REtreival Conference},
	Pages = {762-771},
	Title = {{QA UdG-UPC System at TREC-12}},
	Year = {2003}}

@inproceedings{Magnini02,
	Address = {Gaithersburg, Maryland},
	Author = {B. Magnini and M. Negri and R. Prevete and H. Tanev},
	Booktitle = {Proceedings of the Eleventh Text REtreival Conference},
	Pages = {349},
	Title = {{Mining Knowledge for Repeated Co-occurrences: DIOGENE at TREC-2002}},
	Year = {2002}}

@inproceedings{Magnini02b,
	Address = {Philadelphia, PA},
	Author = {B. Magnini and M. Negri and R. Prevete and H. Tanev},
	Booktitle = {Proceedings of the 40th Annual Meeting of the Association for Computational Linguistics},
	Pages = {425-432},
	Title = {{Is it the right answer? Exploiting web redundancy for answer validation}},
	Year = {2002}}

@inproceedings{Mihalcea04,
	Address = {Barcelona, Spain},
	Author = {R. Mihalcea and P. Tarau},
	Booktitle = {Proceedings of the 2004 Conference on Empirical Methods in Natural Language Processing},
	Pages = {404--411},
	Series = {EMNLP'04},
	Title = {{TextRank: Bringing Order into Text}},
	Year = {2004}}

@inproceedings{Su10,
	Author = {Su Nam Kim and Lawrence Cavedon and Timothy Baldwin},
	Booktitle = {Proceedings of the 2010 Conference on Empirical Methods in Natural Language Processing},
	series = {EMNLP'10},
	Location = {Boston, USA},
	Publisher = {ACL},
	Title = {{Classifying Dialogue Acts in One-on-one Live Chats}},
	Year = {2010}}
	
	
@article{Mihalcea01,
	Author = {R. Mihalcea and D. Moldovan},
	Journal = {Studies in Information and Control},
	Number = {1},
	Title = {{Document Indexing using Named Entities}},
	Volume = {10},
	Year = {2001}}

@inproceedings{Rada05,
	Author = {R. Mihalcea},
	Booktitle = {AAAI},
	Pages = {1688--1689},
	Title = {{Language Independent extractive summarization}},
	Year = {2005}}

@inproceedings{Pollock75,
	Author = {J. Pollock and A. Zamora},
	Booktitle = {JCICS},
	Title = {{Automatic abstracting research at chemical abstracts service}},
	Volume = {15(4)},
	Year = {1975}}

@inproceedings{Yeh05,
	Author = {Jen-Yuan Yeh and Hao-Ren Ke and Wei-Pang Yang and I-Heng Meng},
	Booktitle = {IPM},
	Pages = {75-95},
	Title = {{Text summarization using a trainable summarizer and latent semantic analysis}},
	Volume = {41(1)},
	Year = {2005}}

@inproceedings{Moldovan99,
	Address = {Gaithersburg, Maryland},
	Author = {D. Moldovan and S. Harabagiu and M. Pasca and R. Mihalcea and R. Goodrum and R. Girju and V. Rus},
	Booktitle = {Proceedings of the 8th Text REtreival Conference},
	Title = {{LASSO: A Tool for Surfing the Answer Net}},
	Year = {1999}}

@inproceedings{Moldovan00,
	Address = {Hong Kong},
	Author = {D. Moldovan and S. Harabagiu and M. Pasca and R. Mihalcea and R. Girju and R. Goodrum and V. Rus},
	Booktitle = {38th Annual Meeting of the Association for Computational Linguistics},
	Pages = {563-570},
	Title = {{The Structure and Performance of an Open-Domain Question Answering System}},
	Year = {2000}}

@inproceedings{Moldovan01,
	Address = {Toulouse, France},
	Author = {D. I. Moldovan and V. Rus},
	Booktitle = {Proceedings of Association for Computational Linguistics Conference},
	Title = {{Explaining Answers with Extended WordNet}},
	Year = {2001}}

@inproceedings{Moldovan02,
	Address = {Gaithersburg, Maryland},
	Author = {D. Moldovan and S. Harabagiu and R. Girju and P. Morarescu and F. Lactusu and A. Novischi and A. Badulescu and O. Bolohan},
	Booktitle = {Proceedings of the Eleventh Text REtreival Conference},
	Title = {{LCC Tools for Question Answering}},
	Year = {2002}}

@inproceedings{Moldovan02b,
	Address = {Taipei, Taiwan},
	Author = {D. Moldovan and A. Novischi},
	Booktitle = {Proceedings of the International Conference on Computational Linguistics},
	Pages = {674-680},
	Title = {{Lexical Chains for Question Answering}},
	Year = {2002}}

@article{Moldovan03,
	Author = {D. Moldovan and M. Pasca and S. Harabagiu and M. Surdeanu},
	Issn = {1046-8188},
	Journal = {ACM Transactions in Information Systems},
	Number = {2},
	Pages = {133-154},
	Publisher = {ACM Press},
	Title = {{Performance issues and error analysis in an open-domain question answering system}},
	Volume = {21},
	Year = {2003}}

@inproceedings{Moldovan04,
	Address = {Gaithersburg, Maryland},
	Author = {D. Moldovan and S. Harabagiu and C. Clark and M. Bowden and J. Lehmann and J. Williams},
	Booktitle = {Proceedings of the 13th Text REtrevial Conference},
	Title = {{Experiments and Analysis of LCC's two QA Systems over TREC2004}},
	Year = {2004}}

@inproceedings{Molla03,
	Address = {Gaithersburg, Maryland},
	Author = {D. Molla},
	Booktitle = {Proceedings of the Twelfth Text REtreival Conference},
	Pages = {392-398},
	Title = {{AnswerFinder in TREC 2003}},
	Year = {2003}}

@inproceedings{Molla04,
	Address = {Gaithersburg, Maryland},
	Author = {D. Molla and M. Gardiner},
	Booktitle = {Proceedings of the 13th Text REtreival Conference},
	Title = {{AnswerFinder at TREC 2004}},
	Year = {2004}}

@inproceedings{Monz02,
	Address = {Gaithersburg, Maryland},
	Author = {C. Monz and J. Kamps and M. de Rijke},
	Booktitle = {Proceedings of the Eleventh Text REtreival Conference},
	Pages = {603},
	Title = {{The University of Amsterdam at TREC 2002}},
	Year = {2003}}

@article{Morris91,
	Author = {Jane Morris and Graeme Hirst},
	Journal = {Computational Linguistics},
	Number = {1},
	Pages = {21--48},
	Title = {{Lexical Cohesion Computed by Thesaural Relations as an Indicator of Structure of Text}},
	Volume = {17},
	Year = {1991}}

@inproceedings{Na02,
	Address = {Gaithersburg, Maryland},
	Author = {S. Na and I. Kang and S. Lee and J. Lee},
	Booktitle = {Proceedings of the Eleventh Text REtreival Conference},
	Title = {{Question Answering Approach Using a WordNet-based Answer Type Taxonomy}},
	Year = {2002}}
	
@article{Collins05Journal,
 author = {Collins, Michael and Koo, Terry},
 title = {Discriminative Reranking for Natural Language Parsing},
 journal = {Computational Linguistics},
 issue_date = {March 2005},
 volume = {31},
 number = {1},
 month = mar,
 year = {2005},
 issn = {0891--2017},
 pages = {25--70},
 numpages = {46},
 publisher = {MIT Press},
 address = {Cambridge, MA, USA},
} 	

@inproceedings{Nyberg02,
	Address = {Gaithersburg, Maryland},
	Author = {E. Nyberg and T. Mitamura and J. Barbonell and J. Callan and K. Collins-Thompson and K. Czuba and M. Duggan and L. Hiyakumoto and N. Hu and Y. Huang and J. Ko and L. V. Lita and S. Murtagh and V. Pedro and D. Svoboda},
	Booktitle = {Proceedings of the Eleventh Text REtreival Conference},
	Pages = {128},
	Title = {{The JAVELIN Questions-Answering System at TREC 2002}},
	Year = {2002}}

@inproceedings{Nyberg03,
	Address = {Gaithersburg, Maryland},
	Author = {E. Nyberg and T. Mitaamura and J. Callan and J. Carbonell and R. Frederking and K. Collins-Thompson and L. Hiyakumoto and Y. Huang and C. Huttenhower and S. Judy and J. Ko and A. Kupsc and L. V. Lita and V. Pedro and D. Svoboda and B. Van Durme},
	Booktitle = {Proceedings of the Twelfth Text REtreival Conference},
	Title = {{The JAVELIN Question-Answering System at TREC 2003: A Multi-Strategy Approach with Dynamic Planning}},
	Year = {2003}}

@inproceedings{Pasca01,
	Address = {Toulouse, France},
	Author = {M. Pasca and S. M. Harabagiu},
	Booktitle = {Proceedings of the Association for Computational Linguistics 39th Annual Meeting and 10th Conference of the European Chapter Workshop on Open-Domain Question Answering},
	Pages = {38-45},
	Title = {{Answer Mining from On-Line Documents}},
	Year = {2001}}

@inproceedings{Pasca01a,
	Address = {New Orleans, Louisiana},
	Author = {M. A. Pasca and S. M. Harabagiu},
	Booktitle = {Proceedings of the 24th annual international ACM SIGIR conference on Research and development in information retrieval},
	Pages = {366-374},
	Title = {{High performance question/answering}},
	Year = {2001}}

@inproceedings{Prager01,
	Address = {Gaithersburg, Maryland},
	Author = {J. Prager and J. Chu-Carroll},
	Booktitle = {Proceedings of the 10th Text REtreival Conference},
	Title = {{Use of WordNet Hypernyms for Answering What-Is Questions}},
	Year = {2001}}

@inproceedings{Prager03,
	Address = {Gaithersburg, Maryland},
	Author = {J. Prager and J. Chu-Carroll and K. Czuba and C. Wlty and A. Ittycheriah and R. Mahindru},
	Booktitle = {Proceedings of the Twelfth Text REtreival Conference},
	Pages = {283-292},
	Title = {{IBM's PIQUANT in TREC2003}},
	Year = {2003}}

@inproceedings{Pradhan02,
	Address = {Gaithersburg, Maryland},
	Author = {S. S. Pradhan and G. Illouz and S. J. Blair-Goldensohn and A. H. Schlaikjer and V. Krugler and E. Filatova and P. A. Duboue and H. Yu and R. J. Passonneau and S. Bethard and V. Hatzivassiloglou and W. Ward and D. Jurafsky and K. R. McKeown and J. H. Martin},
	Booktitle = {Proceedings of the Eleventh Text REtreival Conference},
	Pages = {621},
	Title = {{Building a Foundation System for Producing Short Answers to Factual Questions}},
	Year = {2002}}

@inproceedings{Paranjpe03,
	Address = {Gaithersburg, Maryland},
	Author = {D. Paranjpe and G. Ramakrishnan and S. Srinivasan},
	Booktitle = {Proceedings of the Twelfth Text REtreival Conference},
	Pages = {305-310},
	Title = {{Passage Scoring for Question answering via Bayesian inference on lexical relations}},
	Year = {2003}}

@inproceedings{Plamondo02,
	Author = {L. Plamondo and G. Lapalme},
	Booktitle = {Proceedings of the Eleventh Text REtreival Conference},
	Pages = {750},
	Title = {{The QUANTUM Question Answering System at TREC-11}},
	Year = {2002}}

@article{Porter80,
	Author = {M. F. Porter},
	Journal = {Program},
	Pages = {130--137},
	Title = {{An algorithm for suffix stripping}},
	Volume = {14(3)},
	Year = {1980}}

@inproceedings{Ramshaw95,
	Address = {Somerset, New Jersey},
	Author = {L. Ramshaw and M. Marcus},
	Booktitle = {Proceedings of the Third Workshop on Very Large Corpora},
	Editor = {D. Yarovsky and K. Church},
	Pages = {82-94},
	Publisher = {ACL},
	Title = {{Text Chunking Using Transformation-Based Learning}},
	Year = {1995}}

@inproceedings{Ratnaparkhi96,
	Address = {University of Pennsylvania},
	Author = {A. Ratnaparkhi},
	Booktitle = {Proceedings of the Conference of Empirical Methods in Natural Language Processing},
	Pages = {133--142},
	Title = {{A maximum entropy part-of-speech tagger}},
	Year = {1996}}

@inproceedings{Ferschke12,
 author = {Ferschke, Oliver and Gurevych, Iryna and Chebotar, Yevgen},
 title  = {{Behind the Article: Recognizing Dialog Acts in Wikipedia Talk Pages}},
 booktitle = {Proceedings of the 13th Conference of the European Chapter of the Association for Computational Linguistics},
 series = {EACL '12},
 year = {2012},
 address = {Avignon, France},
 pages = {777--786},
 publisher = {ACL}
} 
	
@inproceedings{Ravichandran02,
	Address = {Philadelphia, PA},
	Author = {D. Ravichandran and E. Hovy},
	Booktitle = {Proceedings of the 40th Annual meeting of the association for Computational Linguistics},
	Pages = {41-47},
	Title = {{Learning Surface Text Patterns for a Question Answering System}},
	Year = {2002}}

@inproceedings{Roussinov04,
	Address = {Gaithersburg, Maryland},
	Author = {D. Roussinov and Y. Ding and J. A. Robles-Flores},
	Booktitle = {Proceedings of the 13th Text REtreival Conference},
	Title = {{Experiments with Web QA System and TREC2004 questions}},
	Year = {2004}}

@inproceedings{Roth02,
	Address = {Gaithersburg, Maryland},
	Author = {D. Roth and C. Cumby and X. Li and P. Morie and R. Nagarajan and N. Rizzolo and K. Small and W. Yih},
	Booktitle = {Proceedings of the Eleventh Text REtreival Conference},
	Pages = {667},
	Title = {{Question-Answering via Enhanced Understanding of Questions}},
	Year = {2002}}

@inproceedings{Sekine02,
	Author = {Satoshi Sekine},
	Title = {{Proteus Project OAK System (English Sentence Analyzer), http://nlp.nyu.edu/oak.}},
	Year = {2002}}

@inproceedings{Soubbotin02,
	Address = {Gaithersburg, Maryland},
	Author = {M. M. Soubbotin and S. M. Soubbotin},
	Booktitle = {Proceedings of the Eleventh Text REtreival Conference},
	Pages = {325},
	Title = {{Use of Patterns for Detection of Answer Strings: A Systematic Approach}},
	Year = {2002}}

@inproceedings{Srihari99,
	Address = {Gaithersburg, Maryland},
	Author = {R. Srihari and W. Li},
	Booktitle = {Proceedings of the Eighth Text REtreival Conference},
	Title = {{Information Extraction Supported Question Answering}},
	Year = {1999}}

@inproceedings{Sutcliffe02,
	Address = {Gaithersburg, Maryland},
	Author = {R. F. E. Sutcliffe},
	Booktitle = {Proceedings of the Eleventh Text REtreival Conference},
	Pages = {677},
	Title = {{Question Answering using the DLT System at TREC 2002}},
	Year = {2002}}

@inproceedings{Sutcliffe03,
	Author = {R. F. E. Sutcliffe and I. Gabbay and M. Mulcahy and K. White},
	Booktitle = {Proceedings of the Twelfth Text REtreival Conference},
	Optaddress = {Gaithersburg, Maryland},
	Pages = {686-698},
	Title = {{Question Answering using the DLT System at TREC 2003}},
	Year = {2003}}

@inproceedings{Tanev04,
	Address = {Gaithersburg, Maryland},
	Author = {H. Tanev and M. Kouylekov and B. Magnini},
	Booktitle = {Proceedings of the Thirteenth Text REtreival Conference},
	Title = {{Combining Linguistic Processing and Web Mining for Question Answering: ITC-irst at TREC-2004}},
	Year = {2004}}

@techreport{Teahan03,
	Address = {School of Informatics, University of Wales, Bangor},
	Author = {W. J. Teahan},
	Institution = {Artificial Intelligence and Intelligent Agents Tech Report AIIA 03.2},
	Title = {{Knowing about knowledge: Towards a framework for knowledgeable agents and knowledge grids}},
	Year = {2003}}

@inbook{Turing50,
	Author = {A. M. Turing},
	Chapter = {Mind 59},
	Optpublisher = {MIT Press},
	Pages = {433-460},
	Title = {{Computing Machinery and Intelligence}},
	Year = {1950}}

@inproceedings{Vicedo02,
	Address = {Gaithersburg, Maryland},
	Author = {J. L. Vicedo and F. Llopis and A. Ferrandez},
	Booktitle = {Proceedings of the Eleventh Text REtreival Conference},
	Pages = {595},
	Title = {{University of Alicante Experiments at TREC-2002}},
	Year = {2002}}

@inproceedings{Voorhees99,
	Address = {Gaithersburg, Maryland},
	Author = {E. M. Voorhees},
	Booktitle = {Proceedings of the 8th Text REtreival Conference},
	Title = {{Overview of the TREC 1999 Question Answering Track}},
	Year = {1999}}

@inproceedings{Voorhees00,
	Address = {Gaithersburg, Maryland},
	Author = {E. M. Voorhees},
	Booktitle = {Proceedings of the 9th Text REtreival Conference},
	Title = {{Overview of the TREC 2000 Question Answering Track}},
	Year = {2000}}

@inproceedings{Voorhees01,
	Address = {Gaithersburg, Maryland},
	Author = {E. M. Voorhees},
	Booktitle = {Proceedings of the 10th Text REtreival Conference},
	Title = {{Overview of the TREC 2001 Question Answering Track}},
	Year = {2001}}

@inproceedings{Voorhees02,
	Address = {Gaithersburg, Maryland},
	Author = {E. M. Voorhees},
	Booktitle = {Proceedings of the Eleventh Text REtreival Conference},
	Title = {{Overview of the TREC 2002 Question Answering Track}},
	Year = {2002}}

@inproceedings{Voorhees03,
	Address = {Gaithersburg, Maryland},
	Author = {E. M. Voorhees},
	Booktitle = {Proceedings of the 12th Text REtreival Conference},
	Pages = {54-68},
	Title = {{Overview of the TREC 2003 Question Answering Track}},
	Year = {2003}}

@inproceedings{Voorhees04,
	Address = {Gaithersburg, Maryland},
	Author = {E. M. Voorhees},
	Booktitle = {Proceedings of the 13th Text REtreival Conference},
	Pages = {52-62},
	Title = {{Overview of the TREC 2004 Question Answering Track}},
	Year = {2004}}

@article{Waltz78,
	Author = {D. L. Waltz},
	Journal = {Communications of the ACM},
	Number = {7},
	Pages = {526-539},
	Title = {{An English Language Question Answering System for a Large Relational Database}},
	Volume = {21},
	Year = {1978}}

@book{Witten99,
	Author = {I. Witten and A. Muffat and T. Bell},
	Publisher = {Morgan Kaufmann},
	Title = {{Managing Gigabytes: Compressing and INdexing Documents and Images}},
	Year = {1999}}

@inproceedings{Wu02,
	Address = {Gaithersburg, Maryland},
	Author = {L. Wu and X. Huang and J. Niu and Y. Xia and Z. Feng and Y. Zhou},
	Booktitle = {Proceedings of the Eleventh Text REtreival Conference},
	Pages = {232-247},
	Title = {FDU at TREC2002: Filtering, Q\&A, Web and Video Tasks},
	Year = {2002}}

@inproceedings{Wu03,
	Address = {Gaithersburg, Maryland},
	Author = {M. Wu and X. Zheng and M. Duan and T. Liu and T. Strzalkowski},
	Booktitle = {Proceedings of the Twelfth Text REtreival Conference},
	Pages = {578-585},
	Title = {{Question Answering By Pattern Matching, Web-Proofing, Semantic Form Proofing}},
	Year = {2003}}

@inproceedings{Wu04,
	Address = {Gaithersburg, Maryland},
	Author = {L. Wu and X. Huang and L. You and Z. Zhang and X. Li and Y. Zhou},
	Booktitle = {Proceedings of the 13th Text REtreival Conference},
	Title = {{FDUQA on TREC2004 QA Track}},
	Year = {2004}}

@inproceedings{Xu02,
	Address = {Gaithersburg, Maryland},
	Author = {J. Xu and A. Licuanan and J. May and S. Miller and R. Weischedel},
	Booktitle = {Proceedings of the Eleventh Text REtreival Conference},
	Pages = {96-101},
	Title = {{TREC 2002 QA at BBN: Answer Selection and Confidence Estimation}},
	Year = {2002}}

@inproceedings{Xu02a,
	Address = {Gaithersburg, Maryland},
	Author = {H. Xu and H. Zhang and S. Bai},
	Booktitle = {Proceedings of the Eleventh Text REtreival Conference},
	Pages = {138},
	Title = {{ICT Experiments in TREC-11 QA Main Task}},
	Year = {2002}}

@inproceedings{Xu03,
	Address = {Gaithersburg, Maryland},
	Author = {J. Xu and A. Licuanan and R. Weischedel},
	Booktitle = {Proceedings of the Twelfth Text REtreival Conference},
	Pages = {98-108},
	Title = {{TREC 2003 QA at BBN: Answer Definitional Questions}},
	Year = {2003}}

@inproceedings{Yang02,
	Address = {Gaithersburg, Maryland},
	Author = {H. Yang and T. Chu},
	Booktitle = {Proceedings of the Eleventh Text REtreival Conference},
	Pages = {486-491},
	Title = {{The Integration of Lexical Knowledge and External Resources for Question Answering}},
	Year = {2003}}

@inproceedings{Yang03,
	Address = {Gaithersburg, Maryland},
	Author = {H. Yang and H. Cui and M. Maslennikov and L. Qui and M. Kan and T. Chua},
	Booktitle = {Proceedings of the Twelfth Text REtreival Conference},
	Pages = {480-488},
	Title = {{QUALIFIER in TREC-12 QA Main Task}},
	Year = {2003}}

@inproceedings{Zhang02,
	Address = {Gaithersburg, Maryland},
	Author = {D. Zhang and W. S. Lee},
	Booktitle = {Proceedings of the Eleventh Text REtreival Conference},
	Pages = {497-504},
	Title = {{Web based Pattern Mining and Matching Approach to Question Answering}},
	Year = {2002}}

@inproceedings{Zhang03,
	Address = {Gaithersburg, Maryland},
	Author = {D. Zhang and W. S. Lee},
	Booktitle = {Proceedings of the Twelfth Text REtreival Conference},
	Pages = {489-495},
	Title = {{A Language Modeling Approach to Passage Question Answering}},
	Year = {2003}}

@inproceedings{Shen06,
 author = {Shen, D. and Yang, Q. and Sun, J-T. and Chen, Z.},
 title = {Thread detection in dynamic text message streams},
 booktitle = {Proceedings of the 29th annual international ACM SIGIR conference on Research and development in information retrieval},
 series = {SIGIR '06},
 year = {2006},
 isbn = {1-59593-369-7},
 address = {Seattle, Washington, USA},
 pages = {35--42},
 numpages = {8},
 publisher = {ACM},
 } 

	
	
@inproceedings{Shen04,
	Author = {D. Shen and Z. Chen and Q. Yang and H. Zeng and B. Zhang and Y. Lu and W. Ma},
	Booktitle = {SIGIR},
	Pages = {242-249},
	Title = {{Web-page classification through summarization}},
	Year = {2004}}

@inproceedings{Shen07,
	Author = {Dou Shen and Jian-Tao Sun and Hua Li and Qiang Yang and Zheng Chen},
	Booktitle = {IJCAI},
	Pages = {2862-2867},
	Title = {{Document Summarization Using Conditional Random Fields}},
	Year = {2007}}

@inproceedings{Gong01,
	Author = {Yihong Gong and Xin Liu},
	Booktitle = {SIGIR},
	Pages = {19-25},
	Title = {{Generic text summarization using relevance measure and latent semantic analysis}},
	Year = {2001}}

@inproceedings{Kleinberg99,
	Author = {J. M. Kleinberg},
	Booktitle = {ACM},
	Title = {{Authoratative sources in a hyperlinked environment}},
	Volume = {46(5)},
	Year = {1999}}

@inproceedings{Conroy01,
	Author = {John M. Conroy and Dianne P. O�leary},
	Booktitle = {SIGIR},
	Pages = {406-407},
	Title = {{Text summarization via hidden markov models}},
	Year = {2001}}

@inproceedings{3Kudo01,
	Author = {Taku Kudo and Yuji Matsumoto},
	Booktitle = {Proceedings of the 2nd NAACL},
	Pages = {192-199},
	Title = {{Chunking with Support Vector Machine}},
	Year = {2001}}

@book{4Vapnik98,
	Author = {Vladimir N. Vapnik},
	Publisher = {Wiley Interscience},
	Title = {{Statistical Learning Theory}},
	Year = {1998}}

@inproceedings{5Joachims98,
	Author = {Thorsten Joachims},
	Booktitle = {European Conference on Machine Learning (ECML)},
	Title = {{Text Categorization with Support Vector Machines: Learning with Many Relevant Features}},
	Year = {1998}}

@article{Vapnik95,
	Author = {C. Cortes and V. N. Vapnik},
	Journal = {Machine Learning},
	Pages = {273--297},
	Publisher = {Kluwer Academic Publishers},
	Title = {{Support Vector Networks}},
	Volume = {20},
	Year = {1995}}

@inproceedings{Osuna97,
	Address = {Amelia Island, FL},
	Author = {E. Osuna and R. Freund and F. Girosi},
	Booktitle = {Proc. of IEEE NNSP},
	Pages = {24-26},
	Title = {{Improved training algorithm for support vector machines}},
	Year = {1997}}

@inproceedings{Freund97,
	Address = {Puerto Rico},
	Author = {E. Osuna and R. Freund and F. Girosi},
	Booktitle = {Proc. of IEEE CVPR},
	Title = {{Training support vector machines: An application to face detection}},
	Year = {1997}}

@inproceedings{Blanz96,
	Address = {Berlin, German},
	Author = {V. Blanz and B. Scholkopf and H. Bultho and C. Burges and V. Vapnik and T. Vetter},
	Booktitle = {Artificial Neural Networks - ICANN},
	Optpublisher = {Springer Lecture Notes in Computer Science},
	Optvolume = {1112},
	Pages = {251-256},
	Title = {{Comparison of view-based object recognition algorithms using realistic 3d models}},
	Year = {1996}}

@inproceedings{Zechner96,
	Author = {Klaus Zechner},
	Booktitle = {Proceedings of the 16th COLING},
	Pages = {986-989},
	Title = {{Fast Generation of Abstracts from General Domain Text Corpora by Extracting Relevant Sentences}},
	Year = {1996}}

@inproceedings{Sekine01,
	Author = {Satoshi Sekine and Chik A. Nobata},
	Booktitle = {Proceedings of the Document Understanding Conference},
	Title = {{Sentence extraction with information extraction technique}},
	Year = {2001}}

@inproceedings{Mani97,
	Author = {I. Mani and E. Bloedorn},
	Booktitle = {AAAI},
	Pages = {69�79},
	Title = {{Multi-document summarization by graph search and matching}},
	Year = {1997}}

@article{Edmundson69,
	Author = {Harold P. Edmundson},
	Journal = {Journal of the ACM},
	Number = {2},
	Pages = {264-285},
	Title = {{New methods in automatic extracting}},
	Volume = {16},
	Year = {1969}}

@article{Luhn58,
	Author = {H.P.Luhn},
	Journal = {IBM Journal of Research and Development},
	Pages = {159-165},
	Title = {{The automatic creation of literature abstracts}},
	Volume = {2},
	Year = {1958}}

@article{Hsu08,
	Author = {Chih-Wei Hsu and Chih-Chung Chang and Chih-Jen Lin},
	Title = {{A Practical Guide to Support Vector Classification, National Taiwan University, Taipei 106, Taiwan, http://www.csie.ntu.edu.tw/~cjlin}},
	Year = {2008}}

@inproceedings{Joachims01,
	Author = {Thorsten Joachims},
	Booktitle = {Advances in Kernel Methods - Support Vector Learning},
	Optpublisher = {MIT-Press},
	Title = {{Making large-Scale SVM Learning Practical}},
	Year = {1999}}

@inproceedings{Kupiec95,
	Author = {J. Kupiec and J. Pedersen and F. Chen},
	Pages = {68--73},
	Title = {A trainable document summarizer},
	Year = {1995}}

@inproceedings{Banko99,
	Author = {Michele Banko and Vibhu Mittal and Mark Kantrowitz and Jade Goldstein},
	Booktitle = {Proceedings of PACLING-1999},
	Title = {Generating extraction-based summaries from hand-written summaries by aligning text spans},
	Year = {1999}}

@inproceedings{Marcu99,
	Author = {Daniel Marcu},
	Booktitle = {Proceedings of SIGIR},
	Pages = {137--144},
	Title = {The automatic construction of large-scale corpora for summarization research},
	Year = {1999}}

@inproceedings{Marcu99acl,
	Address = {Morristown, NJ, USA},
	Author = {Marcu, Daniel},
	Booktitle = {Proceedings of the 37th annual meeting of the Association for Computational Linguistics on Computational Linguistics},
	series = {ACL'99},
	Location = {College Park, Maryland},
	Pages = {365--372},
	Publisher = {ACL},
	Title = {{A Decision-based Approach to Rhetorical Parsing}},
	Year = {1999}}

@inproceedings{Marcu97,
	Author = {Daniel Marcu},
	Booktitle = {ACL'97/EACL'97 Workshop on Intelligent Scalable Text Summarization},
	Pages = {82--88},
	Title = {From discourse structures to text summaries},
	Year = {1997}}

@article{Jing99,
	Author = {Hongyan Jing},
	Journal = {Computational Linguistics},
	Number = {4},
	Pages = {527�543},
	Title = {Using Hidden Markov Modeling to Decompose Human-Written Summaries},
	Volume = {28},
	Year = {2002}}

@inproceedings{Barzilay03,
	Author = {Regina Barzilay and Noemie Elhadad},
	Booktitle = {Proceedings of EMNLP},
	Pages = {25--32},
	Title = {Sentence Alignment for Monolingual Comparable Corpora},
	Year = {2003}}

@inproceedings{Chali:2008,
 author = {Chali, Yllias and Joty, Shafiq},
 title = {Selecting Sentences for Answering Complex Questions},
 booktitle = {Proceedings of the Conference on Empirical Methods in Natural Language Processing},
 series = {EMNLP'08},
 year = {2008},
 address = {Honolulu, Hawaii},
 pages = {304--313},
 numpages = {10},
 publisher = {ACL},
}


@inproceedings{Chali:acl:2008,
 author = {Chali, Yllias and Joty, Shafiq},
 title = {Improving the Performance of the Random Walk Model for Answering Complex Questions},
 booktitle = {Proceedings of the 46th Annual Meeting of the Association for Computational Linguistics},
 series = {ACL'08},
 year = {2008},
 address = {Columbus, Ohio},
 pages = {9--12},
 numpages = {4},
 publisher = {ACL},
} 



@article{Kupiec92,
	Author = {J. Kupiec},
	Journal = {Computer Speech and Language},
	Pages = {225-242},
	Title = {{Robust part-of-speech tagging using a hidden Markov model}},
	Volume = {6},
	Year = {1992}}

@inproceedings{Ferran00,
	Address = {Lisbon, Portugal},
	Author = {Ferran Pla and AntonioMolina and Natividad Prieto},
	Booktitle = {CoNLL},
	Title = {{Improving text chunking by means of lexical-contextual information in statistical language models}},
	Year = {2000}}

@article{Rabiner93,
	Author = {L. Rabiner and B. H. Juang},
	Journal = {Prentice Hall Signal Processing Series,Prentice Hall,Inc.},
	Title = {{Fundamentals of Speech Recognition}},
	Year = {1993}}

@article{Durbin98,
	Author = {R. Durbin and S. Eddy and A. Krogh and G. Mitchison},
	Journal = {Cambridge University Press},
	Title = {{Biological sequence analysis: Probabilistic models of proteins and nucleic acids}},
	Year = {1998}}

@inproceedings{Rabiner89,
	Author = {Lawrence R. Rabiner},
	Booktitle = {Proceedings of the IEEE},
	Optnumber = {77},
	Optvolume = {2},
	Pages = {257--285},
	Title = {{A Tutorial on Hidden Markov Models and Selected Applications in Speech Recognition}},
	Year = {1989}}

@book{Bishop06,
	Author = {Christopher M. Bishop},
	Publisher = {Springer},
	Title = {{Pattern Recognition and Machine Learning}},
	Year = {2006}}

@inbook{Hanna02,
	Author = {Hanna Wallach},
	Publisher = {M.Sc. thesis, Division of Informatics, University of Edinburgh},
	Title = {{Efficient Training of Conditional Random Fields}},
	Year = {2002}}

@inproceedings{Grady04,
	Author = {L. Grady and G. Funka-Lea},
	Booktitle = {ECCV 2004 workshop},
	Title = {{Multi-label image segmentation for medical applications based on graph-theoretic electrical potentials}},
	Year = {2004}}

@inproceedings{Levin04,
	Author = {A. Levin and D. Lischinski and Y. Weiss},
	Booktitle = {ACM Transactions on Graphics.},
	Title = {{Colorization using optimization}},
	Year = {2004}}

@inproceedings{Niu05,
	Author = {Z. -Y. Niu and D. -H. Ji and C. -L Tan},
	Booktitle = {Proceedings of the ACL-2005},
	Optnumber = {77},
	Title = {{Word sense disambiguation using label propagation based semi-supervised learning}},
	Year = {2005}}

@inproceedings{Goldberg06,
	Address = {New York},
	Author = {A. B. Goldberg and X. Zhu},
	Booktitle = {HLT-NAACL 2006 Workshop on Textgraphs: Graph-based Algorithms for Natural Language Processing},
	Title = {{Seeing stars when there aren�t many stars: Graph-based semi-supervised learning for sentiment categorization}},
	Year = {2006}}


@inproceedings{Maryam05,
	Author = {Maryam Mahdaviani and Nando de Freitas and Bob Fraser and Firas Hamze},
	Booktitle = {ICRA 2005},
	Title = {{Fast Computational Methods for Visually Guided Robots}},
	Year = {2005}}

@techreport{Zhu06,
	Author = {Xiaojin Zhu},
	Number = {1530},
	Title = {Semi-Supervised Learning Literature Survey},
	Type = {Department of Computer Sciences, University of Wisconsin at Madison, Madison, WI, Technical Report},
	Year = {2006}}

@inproceedings{McCallum00,
	Author = {Andrew K. McCallum and Dayne Freitag and Fernando Pereira},
	Booktitle = {ICML},
	Pages = {591--598},
	Title = {{Maximum entropy markov models for information extraction and segmentation}},
	Year = {2000}}

@inproceedings{Kim10,
	Address = {Beijing, China},
	Author = {Kim, S. and Baldwin, T. and Kan, M.},
	Booktitle = {Proceedings of the 23rd International Conference on Computational Linguistics},
	Pages = {572--580},
	Publisher = {ACL},
	Series = {COLING'10},
	Title = {{Evaluating N-gram Based Evaluation Metrics for Automatic Keyphrase Extraction}},
	Year = {2010}}

@inproceedings{Carbonell98,
	Address = {Melbourne, Australia},
	Author = {Carbonell, J. and Goldstein, J.},
	Booktitle = {Proceedings of the 21st annual international ACM SIGIR conference on Research and development in information retrieval},
	Pages = {335--336},
	Publisher = {ACM},
	Title = {{The Use of MMR, Diversity-based Reranking for Reordering Documents and Producing Summaries}},
	Year = {1998}}

@inproceedings{Corbonell97,
	Address = {Japan},
	Author = {Jaime Carbonell and Yibing Geng and Jade Goldstein},
	Booktitle = {IJCAI-97 Workshop on AI in Digital Libraries},
	Pages = {12-19},
	Title = {{Automated query-relevant summarization and diversity-based reranking}},
	Year = {1997}}
